[{"stream": "btcusdt@trade", "data": {"e": "trade", "E": 1709809871873, "s": "BTCUSDT", "t": 3464485120, "p": "67061.09000000", "q": "0.00013000", "b": 25434900159, "a": 25434901419, "T": 1709809871872, "m": true, "M": true}, "time": 1709809872890750221}, {"stream": "btcusdt@depth@100ms", "data": {"e": "depthUpdate", "E": 1709809871903, "s": "BTCUSDT", "U": 44004344386, "u": 44004344405, "b": [["67061.09000000", "3.50656000"], ["67004.83000000", "0.04992000"], ["67002.64000000", "0.00000000"], ["66964.28000000", "0.00000000"], ["66964.21000000", "0.00000000"], ["66964.14000000", "0.00000000"], ["66961.56000000", "0.00000000"], ["66961.49000000", "0.00000000"], ["66938.57000000", "0.00000000"], ["66938.50000000", "0.00000000"], ["66938.43000000", "0.00000000"], ["66932.33000000", "0.00000000"], ["66900.97000000", "0.00000000"], ["66900.90000000", "0.00049000"], ["65515.35000000", "0.00000000"]], "a": [["67061.10000000", "3.38149000"], ["67157.25000000", "0.29762000"], ["67164.93000000", "0.00000000"], ["70000.00000000", "401.23879900"]]}, "time": 1709809872920642822}, {"stream": "btcusdt@depth@100ms", "data": {"e": "depthUpdate", "E": 1709809872003, "s": "BTCUSDT", "U": 44004344406, "u": 44004344429, "b": [["66964.07000000", "0.00000000"], ["66964.00000000", "0.00051000"], ["66961.42000000", "0.00000000"], ["66961.35000000", "0.00000000"], ["66938.36000000", "0.00000000"], ["66938.29000000", "0.00000000"], ["66932.26000000", "0.00000000"], ["66932.19000000", "0.00000000"], ["66932.12000000", "0.00000000"], ["66900.83000000", "0.00000000"], ["66900.76000000", "0.00000000"], ["66390.48000000", "0.00000000"], ["53648.88000000", "0.00026000"]], "a": [["67061.10000000", "3.38193000"], ["67063.40000000", "0.00000000"], ["67071.30000000", "0.00000000"], ["67100.00000000", "0.81735000"], ["67109.86000000", "0.49160000"], ["67110.83000000", "7.89068000"], ["67157.24000000", "0.17858000"], ["67159.22000000", "0.00000000"], ["67163.64000000", "0.02108000"]]}, "time": 1709809873019634423}, {"stream": "btcusdt@trade", "data": {"e": "trade", "E": 1709809872052, "s": "BTCUSDT", "t": 3464485121, "p": "67061.10000000", "q": "0.00016000", "b": 25434901435, "a": 25434900611, "T": 1709809872052, "m": false, "M": true}, "time": 1709809873067298424}, {"stream": "btcusdt@depth@100ms", "data": {"e": "depthUpdate", "E": 1709809872103, "s": "BTCUSDT", "U": 44004344430, "u": 44004344446, "b": [["67061.09000000", "3.17668000"], ["67040.48000000", "0.11231000"], ["66963.93000000", "0.00000000"], ["66963.86000000", "0.00000000"], ["66961.28000000", "0.00000000"], ["66961.21000000", "0.00000000"], ["66938.22000000", "0.00000000"], ["66938.15000000", "0.00000000"], ["66938.08000000", "0.00000000"], ["66932.05000000", "0.00000000"], ["66931.98000000", "0.00000000"], ["66900.69000000", "0.00000000"], ["66900.62000000", "0.00000000"]], "a": [["67061.10000000", "3.38177000"], ["67063.40000000", "0.17884000"], ["67114.27000000", "0.07074000"]]}, "time": 1709809873120210425}, {"stream": "btcusdt@depth@100ms", "data": {"e": "depthUpdate", "E": 1709809872203, "s": "BTCUSDT", "U": 44004344447, "u": 44004344463, "b": [["67052.89000000", "0.03999000"], ["66963.79000000", "0.00000000"], ["66963.72000000", "0.00000000"], ["66961.14000000", "0.00000000"], ["66961.07000000", "0.00000000"], ["66938.01000000", "0.00000000"], ["66937.94000000", "0.00000000"], ["66931.91000000", "0.00000000"], ["66900.55000000", "0.00000000"], ["66900.48000000", "0.00000000"], ["66390.48000000", "0.00000000"], ["33530.54000000", "0.00035000"], ["33000.00000000", "33.10031000"]], "a": [["67061.10000000", "3.29230000"], ["67066.44000000", "0.00052000"], ["67071.09000000", "0.02180000"]]}, "time": 1709809873220502627}, {"stream": "btcusdt@depth@100ms", "data": {"e": "depthUpdate", "E": 1709809872303, "s": "BTCUSDT", "U": 44004344464, "u": 44004344482, "b": [["67061.09000000", "2.44608000"], ["67052.89000000", "0.00000000"], ["67040.48000000", "0.33694000"], ["67004.83000000", "0.00000000"], ["66963.65000000", "0.00000000"], ["66963.58000000", "0.00000000"], ["66961.00000000", "0.00000000"], ["66960.93000000", "0.00000000"], ["66937.87000000", "0.00000000"], ["66937.80000000", "0.00016000"], ["66931.84000000", "0.00000000"], ["66931.77000000", "0.00000000"], ["66900.41000000", "0.00000000"], ["66900.34000000", "0.00000000"], ["66900.27000000", "0.00000000"], ["33000.00000000", "33.09971000"]], "a": [["67061.10000000", "3.20283000"]]}, "time": 1709809873320441928}, {"stream": "btcusdt@trade", "data": {"e": "trade", "E": 1709809872399, "s": "BTCUSDT", "t": 3464485122, "p": "67061.09000000", "q": "0.00024000", "b": 25434900159, "a": 25434901460, "T": 1709809872398, "m": true, "M": true}, "time": 1709809873413389830}, {"stream": "btcusdt@depth@100ms", "data": {"e": "depthUpdate", "E": 1709809872403, "s": "BTCUSDT", "U": 44004344483, "u": 44004344508, "b": [["67061.09000000", "2.44584000"], ["67059.74000000", "0.00000000"], ["67023.16000000", "0.01919000"], ["67023.14000000", "0.01919000"], ["66963.51000000", "0.02607000"], ["66963.44000000", "0.00000000"], ["66963.37000000", "0.00000000"], ["66963.30000000", "0.00000000"], ["66960.86000000", "0.00000000"], ["66960.79000000", "0.00000000"], ["66937.73000000", "0.00000000"], ["66937.66000000", "0.00000000"], ["66931.70000000", "0.00000000"], ["66931.63000000", "0.00000000"], ["66931.56000000", "0.00000000"], ["66900.20000000", "0.00000000"], ["66855.30000000", "0.00299000"], ["66854.94000000", "0.00000000"], ["66800.94000000", "0.00373000"], ["66800.05000000", "0.00014000"], ["50000.00000000", "108.57817000"], ["16766.50000000", "0.00089000"]], "a": [["67061.10000000", "3.28154000"], ["67081.14000000", "0.01936000"], ["67200.00000000", "1.58932000"], ["67492.03000000", "0.00373000"], ["67492.09000000", "0.00000000"], ["67563.43000000", "0.00825000"], ["67563.48000000", "0.00000000"]]}, "time": 1709809873421246530}, {"stream": "btcusdt@depth@100ms", "data": {"e": "depthUpdate", "E": 1709809872503, "s": "BTCUSDT", "U": 44004344509, "u": 44004344525, "b": [["66963.23000000", "0.00000000"], ["66963.16000000", "0.00000000"], ["66960.72000000", "0.00000000"], ["66960.65000000", "0.00000000"], ["66937.59000000", "0.00000000"], ["66937.52000000", "0.00000000"], ["66931.49000000", "0.00000000"], ["66931.42000000", "0.00000000"], ["66900.13000000", "0.00000000"], ["66900.06000000", "0.00000000"], ["66390.48000000", "0.00000000"]], "a": [["67093.91000000", "0.00000000"], ["67096.22000000", "0.17881000"], ["67098.42000000", "0.00000000"], ["67149.49000000", "0.00000000"]]}, "time": 1709809873521698332}, {"stream": "btcusdt@trade", "data": {"e": "trade", "E": 1709809872590, "s": "BTCUSDT", "t": 3464485123, "p": "67061.09000000", "q": "0.00082000", "b": 25434900159, "a": 25434901471, "T": 1709809872590, "m": true, "M": true}, "time": 1709809873608636033}, {"stream": "btcusdt@depth@100ms", "data": {"e": "depthUpdate", "E": 1709809872603, "s": "BTCUSDT", "U": 44004344526, "u": 44004344552, "b": [["67061.09000000", "3.16622000"], ["67057.06000000", "0.00052000"], ["67040.48000000", "0.11231000"], ["67000.00000000", "0.95942000"], ["66986.31000000", "0.00000000"], ["66963.09000000", "0.00000000"], ["66963.02000000", "0.00000000"], ["66960.58000000", "0.00000000"], ["66960.51000000", "0.00000000"], ["66937.45000000", "0.00000000"], ["66937.38000000", "0.00000000"], ["66931.35000000", "0.00000000"], ["66931.28000000", "0.00000000"], ["66931.21000000", "0.00000000"], ["66899.99000000", "0.00000000"], ["66899.92000000", "0.00000000"], ["66899.85000000", "0.00000000"], ["66390.48000000", "0.00000000"]], "a": [["67102.05000000", "7.89068000"], ["67110.83000000", "0.00000000"], ["67118.16000000", "0.00000000"], ["96295.66000000", "0.02895000"], ["103703.33000000", "0.02892000"], ["111111.00000000", "1.65570000"]]}, "time": 1709809873620644033}, {"stream": "btcusdt@trade", "data": {"e": "trade", "E": 1709809872641, "s": "BTCUSDT", "t": 3464485124, "p": "67061.09000000", "q": "0.00075000", "b": 25434900159, "a": 25434901476, "T": 1709809872640, "m": true, "M": true}, "time": 1709809873655507234}, {"stream": "btcusdt@depth@100ms", "data": {"e": "depthUpdate", "E": 1709809872703, "s": "BTCUSDT", "U": 44004344553, "u": 44004344575, "b": [["67061.09000000", "3.16547000"], ["67040.48000000", "0.33694000"], ["66984.69000000", "0.00000000"], ["66984.51000000", "0.00000000"], ["66984.37000000", "0.00009000"], ["66962.95000000", "0.00000000"], ["66962.88000000", "0.01010000"], ["66960.44000000", "0.00000000"], ["66960.37000000", "0.00000000"], ["66937.31000000", "0.00000000"], ["66937.24000000", "0.00000000"], ["66937.17000000", "0.00000000"], ["66931.14000000", "0.00000000"], ["66931.07000000", "0.00000000"], ["66899.78000000", "0.00000000"]], "a": [["67061.10000000", "3.28242000"], ["67061.15000000", "0.00000000"], ["67071.31000000", "0.00000000"], ["67102.77000000", "0.00000000"], ["67139.64000000", "0.32355000"]]}, "time": 1709809873718944835}, {"stream": "btcusdt@trade", "data": {"e": "trade", "E": 1709809872723, "s": "BTCUSDT", "t": 3464485125, "p": "67061.09000000", "q": "0.02937000", "b": 25434900159, "a": 25434901481, "T": 1709809872722, "m": true, "M": true}, "time": 1709809873735864835}, {"stream": "btcusdt@depth@100ms", "data": {"e": "depthUpdate", "E": 1709809872803, "s": "BTCUSDT", "U": 44004344576, "u": 44004344596, "b": [["67061.09000000", "3.13610000"], ["67056.80000000", "0.00000000"], ["67056.21000000", "0.14903000"], ["66984.13000000", "0.00000000"], ["66962.81000000", "0.00000000"], ["66960.30000000", "0.00000000"], ["66960.23000000", "0.00716000"], ["66937.10000000", "0.00000000"], ["66937.03000000", "0.00000000"], ["66931.00000000", "0.03264000"], ["66930.93000000", "0.00000000"], ["66899.71000000", "0.00000000"], ["66899.64000000", "0.00000000"], ["33530.54000000", "0.00035000"], ["33000.00000000", "33.09971000"]], "a": [["67061.10000000", "3.19295000"], ["67071.55000000", "0.05962000"], ["67075.22000000", "0.29798000"], ["67096.68000000", "0.00000000"]]}, "time": 1709809873821950236}, {"stream": "btcusdt@trade", "data": {"e": "trade", "E": 1709809872820, "s": "BTCUSDT", "t": 3464485126, "p": "67061.09000000", "q": "0.00164000", "b": 25434900159, "a": 25434901491, "T": 1709809872820, "m": true, "M": true}, "time": 1709809873835422637}, {"stream": "btcusdt@depth@100ms", "data": {"e": "depthUpdate", "E": 1709809872903, "s": "BTCUSDT", "U": 44004344597, "u": 44004344618, "b": [["67061.09000000", "3.13446000"], ["67060.00000000", "0.00000000"], ["67040.48000000", "0.11231000"], ["67034.24000000", "0.00000000"], ["67029.75000000", "0.04508000"], ["67029.73000000", "0.04508000"], ["67023.14000000", "0.00000000"], ["66962.74000000", "0.00000000"], ["66960.16000000", "0.00000000"], ["66960.09000000", "0.00000000"], ["66936.96000000", "0.00000000"], ["66936.89000000", "0.00000000"], ["66936.82000000", "0.00000000"], ["66930.86000000", "0.00000000"], ["66930.79000000", "0.00000000"], ["66899.57000000", "0.00000000"], ["66899.50000000", "0.00000000"]], "a": [["67061.10000000", "3.19282000"], ["67071.55000000", "0.00000000"], ["67091.34000000", "0.17882000"], ["67096.22000000", "0.00000000"]]}, "time": 1709809873916879238}, {"stream": "btcusdt@trade", "data": {"e": "trade", "E": 1709809872987, "s": "BTCUSDT", "t": 3464485127, "p": "67061.09000000", "q": "0.00682000", "b": 25434900159, "a": 25434901500, "T": 1709809872986, "m": true, "M": true}, "time": 1709809874000333539}, {"stream": "btcusdt@depth@100ms", "data": {"e": "depthUpdate", "E": 1709809873004, "s": "BTCUSDT", "U": 44004344619, "u": 44004344640, "b": [["67061.09000000", "2.65879000"], ["67056.85000000", "0.14903000"], ["67056.21000000", "0.00000000"], ["67004.82000000", "0.04992000"], ["66964.01000000", "0.00000000"], ["66963.94000000", "0.00000000"], ["66962.67000000", "0.00000000"], ["66962.60000000", "0.00000000"], ["66936.75000000", "0.00000000"], ["66930.72000000", "0.00000000"], ["66930.65000000", "1.07358000"], ["66899.43000000", "0.00000000"], ["66899.36000000", "0.00017000"], ["66893.81000000", "0.00000000"], ["66390.48000000", "0.00000000"], ["53648.88000000", "0.00026000"]], "a": []}, "time": 1709809874018976440}, {"stream": "btcusdt@trade", "data": {"e": "trade", "E": 1709809873017, "s": "BTCUSDT", "t": 3464485128, "p": "67061.09000000", "q": "0.00160000", "b": 25434900159, "a": 25434901508, "T": 1709809873015, "m": true, "M": true}, "time": 1709809874029075340}, {"stream": "btcusdt@trade", "data": {"e": "trade", "E": 1709809873074, "s": "BTCUSDT", "t": 3464485129, "p": "67061.09000000", "q": "0.02130000", "b": 25434900159, "a": 25434901515, "T": 1709809873069, "m": true, "M": true}, "time": 1709809874091747741}, {"stream": "btcusdt@trade", "data": {"e": "trade", "E": 1709809873074, "s": "BTCUSDT", "t": 3464485130, "p": "67061.09000000", "q": "0.05828000", "b": 25434900162, "a": 25434901515, "T": 1709809873069, "m": true, "M": true}, "time": 1709809874093291141}, {"stream": "btcusdt@trade", "data": {"e": "trade", "E": 1709809873074, "s": "BTCUSDT", "t": 3464485131, "p": "67061.09000000", "q": "0.05000000", "b": 25434900377, "a": 25434901515, "T": 1709809873069, "m": true, "M": true}, "time": 1709809874093310141}, {"stream": "btcusdt@trade", "data": {"e": "trade", "E": 1709809873074, "s": "BTCUSDT", "t": 3464485132, "p": "67061.09000000", "q": "0.00044000", "b": 25434900415, "a": 25434901515, "T": 1709809873069, "m": true, "M": true}, "time": 1709809874093315741}, {"stream": "btcusdt@trade", "data": {"e": "trade", "E": 1709809873074, "s": "BTCUSDT", "t": 3464485133, "p": "67061.09000000", "q": "0.00041000", "b": 25434900816, "a": 25434901515, "T": 1709809873069, "m": true, "M": true}, "time": 1709809874093322341}, {"stream": "btcusdt@trade", "data": {"e": "trade", "E": 1709809873074, "s": "BTCUSDT", "t": 3464485134, "p": "67061.09000000", "q": "0.01408000", "b": 25434900835, "a": 25434901515, "T": 1709809873069, "m": true, "M": true}, "time": 1709809874093326141}, {"stream": "btcusdt@trade", "data": {"e": "trade", "E": 1709809873074, "s": "BTCUSDT", "t": 3464485135, "p": "67061.09000000", "q": "0.29691000", "b": 25434900974, "a": 25434901515, "T": 1709809873069, "m": true, "M": true}, "time": 1709809874093331741}, {"stream": "btcusdt@trade", "data": {"e": "trade", "E": 1709809873074, "s": "BTCUSDT", "t": 3464485136, "p": "67061.09000000", "q": "0.00174000", "b": 25434901055, "a": 25434901515, "T": 1709809873069, "m": true, "M": true}, "time": 1709809874093335541}, {"stream": "btcusdt@trade", "data": {"e": "trade", "E": 1709809873074, "s": "BTCUSDT", "t": 3464485137, "p": "67061.09000000", "q": "0.00729000", "b": 25434901072, "a": 25434901515, "T": 1709809873069, "m": true, "M": true}, "time": 1709809874093339241}, {"stream": "btcusdt@trade", "data": {"e": "trade", "E": 1709809873074, "s": "BTCUSDT", "t": 3464485138, "p": "67061.09000000", "q": "0.00128000", "b": 25434901088, "a": 25434901515, "T": 1709809873069, "m": true, "M": true}, "time": 1709809874093342541}, {"stream": "btcusdt@trade", "data": {"e": "trade", "E": 1709809873074, "s": "BTCUSDT", "t": 3464485139, "p": "67061.09000000", "q": "0.00083000", "b": 25434901091, "a": 25434901515, "T": 1709809873069, "m": true, "M": true}, "time": 1709809874093345941}, {"stream": "btcusdt@trade", "data": {"e": "trade", "E": 1709809873074, "s": "BTCUSDT", "t": 3464485140, "p": "67061.09000000", "q": "0.07490000", "b": 25434901144, "a": 25434901515, "T": 1709809873069, "m": true, "M": true}, "time": 1709809874093352841}, {"stream": "btcusdt@trade", "data": {"e": "trade", "E": 1709809873074, "s": "BTCUSDT", "t": 3464485141, "p": "67061.09000000", "q": "0.14871000", "b": 25434901243, "a": 25434901515, "T": 1709809873069, "m": true, "M": true}, "time": 1709809874093356541}, {"stream": "btcusdt@trade", "data": {"e": "trade", "E": 1709809873074, "s": "BTCUSDT", "t": 3464485142, "p": "67061.09000000", "q": "0.00044000", "b": 25434901246, "a": 25434901516, "T": 1709809873069, "m": true, "M": true}, "time": 1709809874093360541}, {"stream": "btcusdt@trade", "data": {"e": "trade", "E": 1709809873074, "s": "BTCUSDT", "t": 3464485143, "p": "67061.09000000", "q": "0.00044000", "b": 25434901253, "a": 25434901516, "T": 1709809873069, "m": true, "M": true}, "time": 1709809874093363841}, {"stream": "btcusdt@trade", "data": {"e": "trade", "E": 1709809873074, "s": "BTCUSDT", "t": 3464485144, "p": "67061.09000000", "q": "0.00701000", "b": 25434901265, "a": 25434901516, "T": 1709809873069, "m": true, "M": true}, "time": 1709809874093367141}, {"stream": "btcusdt@trade", "data": {"e": "trade", "E": 1709809873074, "s": "BTCUSDT", "t": 3464485145, "p": "67061.09000000", "q": "0.00040000", "b": 25434901332, "a": 25434901516, "T": 1709809873069, "m": true, "M": true}, "time": 1709809874093372241}, {"stream": "btcusdt@trade", "data": {"e": "trade", "E": 1709809873074, "s": "BTCUSDT", "t": 3464485146, "p": "67061.09000000", "q": "0.00034000", "b": 25434901368, "a": 25434901516, "T": 1709809873069, "m": true, "M": true}, "time": 1709809874093375541}, {"stream": "btcusdt@trade", "data": {"e": "trade", "E": 1709809873074, "s": "BTCUSDT", "t": 3464485147, "p": "67061.09000000", "q": "0.00066000", "b": 25434901432, "a": 25434901516, "T": 1709809873069, "m": true, "M": true}, "time": 1709809874093380441}, {"stream": "btcusdt@trade", "data": {"e": "trade", "E": 1709809873074, "s": "BTCUSDT", "t": 3464485148, "p": "67061.09000000", "q": "0.00075000", "b": 25434901497, "a": 25434901516, "T": 1709809873069, "m": true, "M": true}, "time": 1709809874093383741}, {"stream": "btcusdt@trade", "data": {"e": "trade", "E": 1709809873075, "s": "BTCUSDT", "t": 3464485149, "p": "67058.34000000", "q": "0.00877000", "b": 25434901387, "a": 25434901518, "T": 1709809873070, "m": true, "M": true}, "time": 1709809874093693841}, {"stream": "btcusdt@trade", "data": {"e": "trade", "E": 1709809873075, "s": "BTCUSDT", "t": 3464485150, "p": "67058.33000000", "q": "0.16805000", "b": 25434901240, "a": 25434901518, "T": 1709809873070, "m": true, "M": true}, "time": 1709809874093705941}, {"stream": "btcusdt@trade", "data": {"e": "trade", "E": 1709809873092, "s": "BTCUSDT", "t": 3464485151, "p": "67058.20000000", "q": "0.00151000", "b": 25434900771, "a": 25434901619, "T": 1709809873083, "m": true, "M": true}, "time": 1709809874104380041}, {"stream": "btcusdt@depth@100ms", "data": {"e": "depthUpdate", "E": 1709809873104, "s": "BTCUSDT", "U": 44004344641, "u": 44004344924, "b": [["67061.09000000", "0.00000000"], ["67060.51000000", "0.00000000"], ["67058.34000000", "0.00000000"], ["67058.33000000", "0.00000000"], ["67058.32000000", "0.00000000"], ["67058.20000000", "0.05000000"], ["67058.01000000", "0.00008000"], ["67058.00000000", "0.00000000"], ["67057.06000000", "0.00000000"], ["67056.86000000", "0.26492000"], ["67056.85000000", "0.00000000"], ["67056.25000000", "0.00000000"], ["67056.00000000", "0.00008000"], ["67054.38000000", "0.00000000"], ["67053.36000000", "0.00000000"], ["67053.15000000", "0.00000000"], ["67053.04000000", "0.00000000"], ["67051.70000000", "0.00000000"], ["67050.87000000", "0.00000000"], ["67050.36000000", "0.00000000"], ["67049.96000000", "0.00000000"], ["67049.71000000", "0.00906000"], ["67049.52000000", "0.00000000"], ["67049.01000000", "0.00000000"], ["67048.87000000", "0.00000000"], ["67048.34000000", "0.08264000"], ["67046.90000000", "0.00000000"], ["67043.54000000", "0.52140000"], ["67040.92000000", "0.00000000"], ["67039.96000000", "0.00000000"], ["67039.50000000", "0.11180000"], ["67033.83000000", "0.00000000"], ["67031.49000000", "0.00000000"], ["67030.50000000", "0.02607000"], ["67027.26000000", "0.05201000"], ["67025.37000000", "0.18444000"], ["67020.02000000", "0.00000000"], ["67018.44000000", "0.00076000"], ["67017.10000000", "0.02607000"], ["67007.79000000", "0.00000000"], ["67004.82000000", "0.00000000"], ["66993.89000000", "0.00515000"], ["66982.69000000", "0.00000000"], ["66981.34000000", "0.00000000"], ["66981.12000000", "0.00000000"], ["66976.91000000", "0.00000000"], ["66974.62000000", "0.00076000"], ["66967.11000000", "0.00034000"], ["66966.61000000", "0.00000000"], ["66962.53000000", "0.00000000"], ["66962.46000000", "0.00000000"], ["66936.68000000", "0.00000000"], ["66936.61000000", "0.00000000"], ["66930.58000000", "0.00000000"], ["66930.51000000", "0.00000000"], ["66930.44000000", "0.00000000"], ["66901.28000000", "0.00000000"], ["66899.29000000", "0.00324000"], ["66899.22000000", "0.00000000"], ["66886.20000000", "0.00000000"], ["60354.00000000", "0.00016000"]], "a": [["67058.21000000", "4.49155000"], ["67058.32000000", "0.00000000"], ["67058.33000000", "0.00000000"], ["67058.34000000", "0.02123000"], ["67058.35000000", "0.00000000"], ["67058.38000000", "0.08264000"], ["67058.40000000", "0.00000000"], ["67058.41000000", "0.00000000"], ["67058.70000000", "0.00000000"], ["67058.74000000", "0.00000000"], ["67058.78000000", "0.00000000"], ["67058.79000000", "0.13000000"], ["67058.91000000", "0.00000000"], ["67059.44000000", "0.00000000"], ["67059.45000000", "0.00000000"], ["67059.75000000", "0.13000000"], ["67060.00000000", "0.07680000"], ["67060.01000000", "0.00000000"], ["67060.02000000", "0.00000000"], ["67060.13000000", "0.00000000"], ["67060.49000000", "1.68756000"], ["67060.50000000", "0.69000000"], ["67060.52000000", "0.00000000"], ["67060.71000000", "0.18996000"], ["67061.08000000", "0.00000000"], ["67061.09000000", "0.00000000"], ["67061.10000000", "2.62894000"], ["67061.25000000", "0.04493000"], ["67062.20000000", "0.04493000"], ["67063.41000000", "0.08264000"], ["67064.26000000", "0.00000000"], ["67064.71000000", "0.04493000"], ["67066.45000000", "0.04493000"], ["67067.20000000", "0.33694000"], ["67068.28000000", "0.00000000"], ["67069.98000000", "0.20699000"], ["67070.71000000", "0.00000000"], ["67072.16000000", "0.52140000"], ["67073.29000000", "0.18444000"], ["67073.88000000", "0.29950000"], ["67073.99000000", "0.12000000"], ["67076.50000000", "0.00000000"], ["67078.79000000", "0.00000000"], ["67079.28000000", "0.00368000"], ["67081.37000000", "0.00000000"], ["67084.78000000", "0.17957000"], ["67091.10000000", "0.00000000"], ["67091.34000000", "0.00000000"], ["67099.72000000", "0.00000000"], ["67101.09000000", "4.73444000"], ["67101.82000000", "0.00000000"], ["67110.84000000", "0.00000000"], ["67119.93000000", "0.37423000"], ["67119.94000000", "0.37243000"], ["67123.88000000", "0.00368000"], ["67125.15000000", "0.00000000"], ["67127.12000000", "0.00000000"], ["67130.01000000", "0.00000000"], ["67149.99000000", "0.06049000"], ["67160.59000000", "0.00000000"], ["67169.65000000", "0.00000000"], ["67169.99000000", "0.01896000"], ["67178.08000000", "0.00000000"], ["67184.34000000", "0.01321000"], ["67191.35000000", "0.00000000"], ["67398.99000000", "0.06175000"]]}, "time": 1709809874121773241}, {"stream": "btcusdt@trade", "data": {"e": "trade", "E": 1709809873171, "s": "BTCUSDT", "t": 3464485152, "p": "67058.20000000", "q": "0.05000000", "b": 25434901606, "a": 25434901712, "T": 1709809873166, "m": true, "M": true}, "time": 1709809874190285642}, {"stream": "btcusdt@trade", "data": {"e": "trade", "E": 1709809873171, "s": "BTCUSDT", "t": 3464485153, "p": "67058.01000000", "q": "0.00008000", "b": 25434901618, "a": 25434901712, "T": 1709809873166, "m": true, "M": true}, "time": 1709809874190327642}, {"stream": "btcusdt@trade", "data": {"e": "trade", "E": 1709809873171, "s": "BTCUSDT", "t": 3464485154, "p": "67057.99000000", "q": "0.00010000", "b": 25434899675, "a": 25434901712, "T": 1709809873166, "m": true, "M": true}, "time": 1709809874190352742}, {"stream": "btcusdt@trade", "data": {"e": "trade", "E": 1709809873171, "s": "BTCUSDT", "t": 3464485155, "p": "67057.99000000", "q": "0.00010000", "b": 25434899675, "a": 25434901712, "T": 1709809873166, "m": true, "M": true}, "time": 1709809874190374742}, {"stream": "btcusdt@trade", "data": {"e": "trade", "E": 1709809873171, "s": "BTCUSDT", "t": 3464485156, "p": "67057.99000000", "q": "0.00010000", "b": 25434899675, "a": 25434901712, "T": 1709809873166, "m": true, "M": true}, "time": 1709809874190384842}, {"stream": "btcusdt@trade", "data": {"e": "trade", "E": 1709809873171, "s": "BTCUSDT", "t": 3464485157, "p": "67057.99000000", "q": "0.00002000", "b": 25434899675, "a": 25434901712, "T": 1709809873166, "m": true, "M": true}, "time": 1709809874190394142}, {"stream": "btcusdt@trade", "data": {"e": "trade", "E": 1709809873171, "s": "BTCUSDT", "t": 3464485158, "p": "67056.26000000", "q": "0.00011000", "b": 25434900443, "a": 25434901712, "T": 1709809873166, "m": true, "M": true}, "time": 1709809874190408242}, {"stream": "btcusdt@trade", "data": {"e": "trade", "E": 1709809873171, "s": "BTCUSDT", "t": 3464485159, "p": "67056.26000000", "q": "0.00011000", "b": 25434900443, "a": 25434901712, "T": 1709809873166, "m": true, "M": true}, "time": 1709809874190417742}, {"stream": "btcusdt@trade", "data": {"e": "trade", "E": 1709809873171, "s": "BTCUSDT", "t": 3464485160, "p": "67056.26000000", "q": "0.00011000", "b": 25434900443, "a": 25434901712, "T": 1709809873166, "m": true, "M": true}, "time": 1709809874190427842}, {"stream": "btcusdt@trade", "data": {"e": "trade", "E": 1709809873171, "s": "BTCUSDT", "t": 3464485161, "p": "67056.00000000", "q": "0.00008000", "b": 25434899803, "a": 25434901712, "T": 1709809873166, "m": true, "M": true}, "time": 1709809874190457342}, {"stream": "btcusdt@trade", "data": {"e": "trade", "E": 1709809873171, "s": "BTCUSDT", "t": 3464485162, "p": "67055.91000000", "q": "0.00010000", "b": 25434899674, "a": 25434901712, "T": 1709809873166, "m": true, "M": true}, "time": 1709809874190466942}, {"stream": "btcusdt@trade", "data": {"e": "trade", "E": 1709809873171, "s": "BTCUSDT", "t": 3464485163, "p": "67055.91000000", "q": "0.00010000", "b": 25434899674, "a": 25434901712, "T": 1709809873166, "m": true, "M": true}, "time": 1709809874190476042}, {"stream": "btcusdt@trade", "data": {"e": "trade", "E": 1709809873171, "s": "BTCUSDT", "t": 3464485164, "p": "67055.91000000", "q": "0.00010000", "b": 25434899674, "a": 25434901712, "T": 1709809873166, "m": true, "M": true}, "time": 1709809874190485242}, {"stream": "btcusdt@trade", "data": {"e": "trade", "E": 1709809873171, "s": "BTCUSDT", "t": 3464485165, "p": "67055.91000000", "q": "0.00002000", "b": 25434899674, "a": 25434901712, "T": 1709809873166, "m": true, "M": true}, "time": 1709809874190499742}, {"stream": "btcusdt@trade", "data": {"e": "trade", "E": 1709809873172, "s": "BTCUSDT", "t": 3464485166, "p": "67054.31000000", "q": "0.00161000", "b": 25434900174, "a": 25434901712, "T": 1709809873166, "m": true, "M": true}, "time": 1709809874190509542}, {"stream": "btcusdt@trade", "data": {"e": "trade", "E": 1709809873172, "s": "BTCUSDT", "t": 3464485167, "p": "67053.18000000", "q": "0.16261000", "b": 25434899700, "a": 25434901712, "T": 1709809873166, "m": true, "M": true}, "time": 1709809874190518942}, {"stream": "btcusdt@trade", "data": {"e": "trade", "E": 1709809873172, "s": "BTCUSDT", "t": 3464485168, "p": "67053.18000000", "q": "0.11945000", "b": 25434899997, "a": 25434901712, "T": 1709809873166, "m": true, "M": true}, "time": 1709809874190534442}, {"stream": "btcusdt@trade", "data": {"e": "trade", "E": 1709809873172, "s": "BTCUSDT", "t": 3464485169, "p": "67053.16000000", "q": "0.00993000", "b": 25434900821, "a": 25434901712, "T": 1709809873166, "m": true, "M": true}, "time": 1709809874190543642}, {"stream": "btcusdt@trade", "data": {"e": "trade", "E": 1709809873172, "s": "BTCUSDT", "t": 3464485170, "p": "67052.70000000", "q": "0.00008000", "b": 25434899440, "a": 25434901712, "T": 1709809873166, "m": true, "M": true}, "time": 1709809874190552542}, {"stream": "btcusdt@trade", "data": {"e": "trade", "E": 1709809873172, "s": "BTCUSDT", "t": 3464485171, "p": "67052.64000000", "q": "0.00010000", "b": 25434900445, "a": 25434901712, "T": 1709809873166, "m": true, "M": true}, "time": 1709809874190561442}, {"stream": "btcusdt@trade", "data": {"e": "trade", "E": 1709809873172, "s": "BTCUSDT", "t": 3464485172, "p": "67052.64000000", "q": "0.00010000", "b": 25434900445, "a": 25434901712, "T": 1709809873166, "m": true, "M": true}, "time": 1709809874190573242}, {"stream": "btcusdt@trade", "data": {"e": "trade", "E": 1709809873172, "s": "BTCUSDT", "t": 3464485173, "p": "67052.64000000", "q": "0.00010000", "b": 25434900445, "a": 25434901712, "T": 1709809873166, "m": true, "M": true}, "time": 1709809874190582342}, {"stream": "btcusdt@trade", "data": {"e": "trade", "E": 1709809873172, "s": "BTCUSDT", "t": 3464485174, "p": "67052.64000000", "q": "0.00002000", "b": 25434900445, "a": 25434901712, "T": 1709809873166, "m": true, "M": true}, "time": 1709809874190591542}, {"stream": "btcusdt@trade", "data": {"e": "trade", "E": 1709809873172, "s": "BTCUSDT", "t": 3464485175, "p": "67052.00000000", "q": "0.07680000", "b": 25434898976, "a": 25434901712, "T": 1709809873166, "m": true, "M": true}, "time": 1709809874190610442}, {"stream": "btcusdt@trade", "data": {"e": "trade", "E": 1709809873172, "s": "BTCUSDT", "t": 3464485176, "p": "67051.16000000", "q": "0.00045000", "b": 25434901686, "a": 25434901712, "T": 1709809873166, "m": true, "M": true}, "time": 1709809874190619742}, {"stream": "btcusdt@trade", "data": {"e": "trade", "E": 1709809873172, "s": "BTCUSDT", "t": 3464485177, "p": "67050.90000000", "q": "0.00016000", "b": 25434900020, "a": 25434901712, "T": 1709809873166, "m": true, "M": true}, "time": 1709809874190628542}, {"stream": "btcusdt@trade", "data": {"e": "trade", "E": 1709809873172, "s": "BTCUSDT", "t": 3464485178, "p": "67050.29000000", "q": "0.00021000", "b": 25434899685, "a": 25434901712, "T": 1709809873166, "m": true, "M": true}, "time": 1709809874190637342}, {"stream": "btcusdt@trade", "data": {"e": "trade", "E": 1709809873172, "s": "BTCUSDT", "t": 3464485179, "p": "67050.13000000", "q": "0.05600000", "b": 25434901668, "a": 25434901712, "T": 1709809873166, "m": true, "M": true}, "time": 1709809874190646142}, {"stream": "btcusdt@trade", "data": {"e": "trade", "E": 1709809873172, "s": "BTCUSDT", "t": 3464485180, "p": "67050.01000000", "q": "0.01685000", "b": 25434900917, "a": 25434901712, "T": 1709809873166, "m": true, "M": true}, "time": 1709809874190654942}, {"stream": "btcusdt@trade", "data": {"e": "trade", "E": 1709809873191, "s": "BTCUSDT", "t": 3464485181, "p": "67051.95000000", "q": "0.00010000", "b": 25434901773, "a": 25434901876, "T": 1709809873183, "m": true, "M": true}, "time": 1709809874204214543}, {"stream": "btcusdt@depth@100ms", "data": {"e": "depthUpdate", "E": 1709809873204, "s": "BTCUSDT", "U": 44004344925, "u": 44004345345, "b": [["67058.20000000", "0.00000000"], ["67058.01000000", "0.00000000"], ["67057.99000000", "0.00000000"], ["67056.86000000", "0.00000000"], ["67056.83000000", "0.00000000"], ["67056.26000000", "0.00000000"], ["67056.00000000", "0.00000000"], ["67055.91000000", "0.00000000"], ["67055.63000000", "0.00000000"], ["67055.62000000", "0.00000000"], ["67054.31000000", "0.00000000"], ["67053.18000000", "0.00000000"], ["67053.16000000", "0.00000000"], ["67052.70000000", "0.00000000"], ["67052.64000000", "0.00000000"], ["67052.00000000", "0.00000000"], ["67051.95000000", "1.04571000"], ["67051.93000000", "0.00008000"], ["67051.16000000", "0.00000000"], ["67050.90000000", "0.00000000"], ["67050.29000000", "0.08947000"], ["67050.24000000", "0.01491000"], ["67050.13000000", "0.00000000"], ["67050.03000000", "0.00000000"], ["67050.02000000", "0.25464000"], ["67050.01000000", "0.29010000"], ["67049.20000000", "0.00011000"], ["67047.71000000", "0.07490000"], ["67047.13000000", "0.95456000"], ["67046.33000000", "0.00000000"], ["67046.01000000", "0.00000000"], ["67045.94000000", "0.00000000"], ["67045.58000000", "0.00011000"], ["67045.42000000", "0.00000000"], ["67044.11000000", "0.81934000"], ["67042.02000000", "0.00000000"], ["67040.94000000", "0.00000000"], ["67040.44000000", "0.02221000"], ["67040.12000000", "0.04193000"], ["67035.73000000", "0.81934000"], ["67035.58000000", "0.25134000"], ["67035.30000000", "0.00000000"], ["67034.55000000", "0.00000000"], ["67034.31000000", "0.00000000"], ["67032.63000000", "0.59589000"], ["67031.81000000", "0.00074000"], ["67029.75000000", "0.00000000"], ["67029.73000000", "0.00000000"], ["67029.19000000", "0.00000000"], ["67028.81000000", "0.00000000"], ["67028.47000000", "0.00957000"], ["67028.27000000", "0.00000000"], ["67027.26000000", "0.00000000"], ["67023.95000000", "0.00000000"], ["67023.27000000", "0.05201000"], ["67022.90000000", "0.00000000"], ["67021.35000000", "0.22381000"], ["67021.26000000", "0.00000000"], ["67018.56000000", "0.11282000"], ["67018.44000000", "0.00000000"], ["67018.43000000", "0.00000000"], ["67017.30000000", "0.05869000"], ["67012.81000000", "0.00000000"], ["67009.31000000", "0.00076000"], ["67003.70000000", "0.39850000"], ["66999.54000000", "0.00000000"], ["66999.25000000", "0.37243000"], ["66998.75000000", "0.00000000"], ["66994.44000000", "0.00000000"], ["66992.83000000", "0.44781000"], ["66990.51000000", "0.00515000"], ["66985.54000000", "0.00000000"], ["66980.81000000", "0.18162000"], ["66974.62000000", "0.00000000"], ["66965.83000000", "0.00106000"], ["66962.52000000", "0.00000000"], ["66962.39000000", "0.00000000"], ["66962.32000000", "0.00000000"], ["66956.45000000", "0.00014000"], ["66953.88000000", "0.00000000"], ["66936.54000000", "0.00000000"], ["66936.47000000", "0.00000000"], ["66930.37000000", "0.00000000"], ["66930.30000000", "0.00000000"], ["66899.15000000", "0.00000000"], ["66899.08000000", "0.00000000"], ["66868.07000000", "0.00000000"], ["66867.44000000", "0.00046000"], ["66812.34000000", "0.00000000"], ["66806.95000000", "0.00145000"], ["53641.57000000", "0.18132000"]], "a": [["67050.30000000", "0.00000000"], ["67051.96000000", "1.17788000"], ["67051.99000000", "0.00000000"], ["67052.00000000", "0.07680000"], ["67053.16000000", "0.00000000"], ["67053.17000000", "0.00000000"], ["67053.19000000", "0.00000000"], ["67053.37000000", "0.00000000"], ["67053.83000000", "0.14983000"], ["67053.84000000", "0.22463000"], ["67054.00000000", "0.07680000"], ["67054.08000000", "0.04493000"], ["67054.32000000", "0.00000000"], ["67054.39000000", "0.00000000"], ["67055.63000000", "0.13000000"], ["67055.92000000", "0.00000000"], ["67056.00000000", "0.07680000"], ["67056.01000000", "0.00000000"], ["67056.27000000", "0.13000000"], ["67056.84000000", "0.00000000"], ["67056.86000000", "0.00000000"], ["67056.87000000", "0.00000000"], ["67057.03000000", "0.00011000"], ["67057.07000000", "0.13000000"], ["67057.54000000", "0.00011000"], ["67057.78000000", "0.00010000"], ["67058.00000000", "0.07680000"], ["67058.01000000", "0.00000000"], ["67058.02000000", "0.00000000"], ["67058.04000000", "0.00000000"], ["67058.05000000", "0.00000000"], ["67058.09000000", "0.38000000"], ["67058.20000000", "1.85930000"], ["67058.21000000", "0.40499000"], ["67058.34000000", "0.00000000"], ["67058.61000000", "0.00011000"], ["67059.99000000", "1.20339000"], ["67060.49000000", "0.06737000"], ["67061.10000000", "1.02918000"], ["67063.03000000", "0.00000000"], ["67063.04000000", "0.00000000"], ["67063.18000000", "0.00000000"], ["67063.40000000", "0.00000000"], ["67063.57000000", "0.00040000"], ["67063.85000000", "0.00074000"], ["67064.00000000", "0.28379000"], ["67065.14000000", "0.00000000"], ["67066.66000000", "0.00000000"], ["67067.32000000", "0.59589000"], ["67068.12000000", "0.52140000"], ["67068.44000000", "0.18792000"], ["67069.20000000", "0.00008000"], ["67069.33000000", "0.11172000"], ["67069.62000000", "0.37243000"], ["67069.98000000", "0.00000000"], ["67069.99000000", "0.00073000"], ["67070.14000000", "0.00074000"], ["67070.39000000", "0.12000000"], ["67070.71000000", "0.00368000"], ["67071.08000000", "0.31293000"], ["67071.41000000", "0.00000000"], ["67072.16000000", "0.00000000"], ["67072.21000000", "0.00000000"], ["67072.50000000", "0.00008000"], ["67072.99000000", "0.00000000"], ["67073.16000000", "0.00000000"], ["67073.23000000", "0.00074000"], ["67073.99000000", "0.00000000"], ["67076.45000000", "0.00000000"], ["67077.53000000", "0.00000000"], ["67079.28000000", "0.00000000"], ["67079.29000000", "0.00000000"], ["67080.79000000", "0.00000000"], ["67083.24000000", "0.00000000"], ["67083.27000000", "0.00000000"], ["67083.68000000", "0.00000000"], ["67084.19000000", "0.05202000"], ["67084.42000000", "0.00000000"], ["67085.82000000", "0.00072000"], ["67086.11000000", "0.00000000"], ["67086.75000000", "0.06023000"], ["67087.50000000", "0.01048000"], ["67090.65000000", "0.00020000"], ["67093.53000000", "0.18444000"], ["67095.87000000", "0.00000000"], ["67098.25000000", "0.00000000"], ["67098.49000000", "0.00000000"], ["67099.21000000", "0.00000000"], ["67100.00000000", "0.81663000"], ["67100.25000000", "7.89068000"], ["67100.72000000", "0.00000000"], ["67101.68000000", "0.00000000"], ["67102.05000000", "0.00000000"], ["67105.03000000", "0.00000000"], ["67105.76000000", "0.00000000"], ["67106.71000000", "0.00000000"], ["67108.39000000", "0.00000000"], ["67108.42000000", "0.00000000"], ["67111.74000000", "0.00000000"], ["67117.19000000", "0.00100000"], ["67119.93000000", "0.22346000"], ["67119.94000000", "0.00000000"], ["67123.90000000", "0.00000000"], ["67125.16000000", "0.00000000"], ["67126.84000000", "0.00000000"], ["67129.39000000", "0.00000000"], ["67137.20000000", "0.00000000"], ["67157.25000000", "0.00000000"], ["67163.62000000", "0.00000000"], ["67165.04000000", "0.00000000"], ["67179.12000000", "0.44735000"], ["67179.19000000", "0.00000000"], ["67180.37000000", "0.00000000"], ["67183.72000000", "0.44735000"], ["67185.79000000", "0.00000000"], ["67192.22000000", "0.44735000"], ["67196.32000000", "0.44735000"], ["67198.39000000", "0.00000000"], ["67198.57000000", "0.00000000"], ["67211.17000000", "0.00000000"], ["67425.66000000", "0.01100000"]]}, "time": 1709809874232409743}, {"stream": "btcusdt@depth@100ms", "data": {"e": "depthUpdate", "E": 1709809873304, "s": "BTCUSDT", "U": 44004345346, "u": 44004345533, "b": [["67051.95000000", "0.00010000"], ["67051.93000000", "0.00000000"], ["67050.42000000", "0.00000000"], ["67050.29000000", "0.00000000"], ["67050.01000000", "0.00000000"], ["67050.00000000", "1.00000000"], ["67049.71000000", "0.00000000"], ["67048.76000000", "0.00153000"], ["67048.34000000", "0.00000000"], ["67047.94000000", "0.00000000"], ["67047.53000000", "0.29811000"], ["67047.13000000", "0.00000000"], ["67047.10000000", "0.00000000"], ["67045.80000000", "0.00000000"], ["67044.12000000", "0.01100000"], ["67043.91000000", "0.00000000"], ["67043.69000000", "0.00000000"], ["67043.54000000", "0.00000000"], ["67043.31000000", "0.18792000"], ["67043.10000000", "0.00045000"], ["67040.44000000", "0.00000000"], ["67040.12000000", "0.00000000"], ["67039.57000000", "0.52140000"], ["67038.39000000", "0.49163000"], ["67037.29000000", "0.29815000"], ["67035.83000000", "0.00000000"], ["67035.74000000", "0.00000000"], ["67035.42000000", "0.41332000"], ["67034.75000000", "0.00000000"], ["67033.60000000", "0.81934000"], ["67032.66000000", "0.07456000"], ["67032.07000000", "0.00000000"], ["67030.50000000", "0.02607000"], ["67030.05000000", "0.04134000"], ["67025.37000000", "0.00000000"], ["67017.75000000", "0.18772000"], ["67016.43000000", "0.29899000"], ["67001.77000000", "0.00000000"], ["66998.41000000", "0.00000000"], ["66998.40000000", "0.00000000"], ["66990.39000000", "0.00000000"], ["66988.34000000", "0.02114000"], ["66984.48000000", "0.00000000"], ["66980.92000000", "0.10525000"], ["66979.03000000", "0.00000000"], ["66974.96000000", "0.00000000"], ["66968.97000000", "0.02460000"], ["66962.25000000", "0.00000000"], ["66962.18000000", "0.00000000"], ["66956.46000000", "0.08544000"], ["66950.04000000", "0.89620000"], ["66948.95000000", "0.00030000"], ["66948.15000000", "0.00000000"], ["66946.13000000", "0.00159000"], ["66936.40000000", "0.00000000"], ["66936.33000000", "0.00000000"], ["66930.23000000", "0.00000000"], ["66868.76000000", "0.00000000"], ["66865.95000000", "0.00129000"], ["66862.20000000", "0.00000000"], ["66737.92000000", "0.06711000"], ["33000.00000000", "33.10031000"]], "a": [["67051.96000000", "3.64496000"], ["67052.77000000", "0.06946000"], ["67053.03000000", "0.00052000"], ["67053.12000000", "0.04493000"], ["67053.24000000", "0.29808000"], ["67053.35000000", "0.08264000"], ["67053.83000000", "0.13485000"], ["67053.84000000", "0.00000000"], ["67056.99000000", "0.29806000"], ["67057.30000000", "0.00000000"], ["67058.08000000", "1.11565000"], ["67058.20000000", "0.07488000"], ["67058.21000000", "0.41345000"], ["67059.27000000", "0.00149000"], ["67059.57000000", "0.00160000"], ["67059.98000000", "0.20699000"], ["67059.99000000", "0.41408000"], ["67062.98000000", "0.72386000"], ["67063.40000000", "0.17036000"], ["67064.00000000", "0.07680000"], ["67065.74000000", "0.18444000"], ["67065.90000000", "0.00008000"], ["67066.53000000", "0.12000000"], ["67067.33000000", "0.00000000"], ["67069.32000000", "0.22346000"], ["67069.72000000", "0.90859000"], ["67070.39000000", "0.00000000"], ["67070.72000000", "0.00000000"], ["67071.08000000", "0.00000000"], ["67073.29000000", "0.00000000"], ["67077.05000000", "0.44735000"], ["67078.14000000", "0.00000000"], ["67078.15000000", "0.00000000"], ["67079.04000000", "0.17885000"], ["67082.08000000", "0.27060000"], ["67084.64000000", "0.00000000"], ["67084.78000000", "0.00074000"], ["67086.63000000", "0.00257000"], ["67087.89000000", "0.00000000"], ["67088.34000000", "0.00000000"], ["67089.48000000", "0.00000000"], ["67089.77000000", "0.22359000"], ["67090.14000000", "0.44735000"], ["67090.86000000", "0.00126000"], ["67091.66000000", "0.01329000"], ["67092.25000000", "0.00000000"], ["67092.53000000", "0.00252000"], ["67094.21000000", "0.00467000"], ["67097.56000000", "0.00638000"], ["67097.70000000", "0.00000000"], ["67101.09000000", "0.00000000"], ["67102.77000000", "0.00117000"], ["67105.02000000", "0.00000000"], ["67110.98000000", "0.00838000"], ["67112.66000000", "0.01234000"], ["67115.21000000", "0.01212000"], ["67118.31000000", "0.44698000"], ["67120.41000000", "0.00000000"], ["67129.98000000", "0.00000000"], ["67137.19000000", "0.00000000"], ["67156.82000000", "0.00000000"], ["67157.24000000", "0.00000000"], ["67161.13000000", "0.89338000"], ["67169.64000000", "0.00117000"], ["67172.29000000", "0.00000000"], ["67177.32000000", "0.01321000"], ["67179.12000000", "0.00000000"], ["67179.99000000", "0.00000000"], ["67183.66000000", "0.00000000"], ["67184.34000000", "0.00000000"], ["67192.22000000", "0.00000000"], ["67194.11000000", "0.00000000"]]}, "time": 1709809874322117444}, {"stream": "btcusdt@trade", "data": {"e": "trade", "E": 1709809873310, "s": "BTCUSDT", "t": 3464485182, "p": "67051.95000000", "q": "0.00010000", "b": 25434901773, "a": 25434902010, "T": 1709809873300, "m": true, "M": true}, "time": 1709809874324037445}, {"stream": "btcusdt@trade", "data": {"e": "trade", "E": 1709809873310, "s": "BTCUSDT", "t": 3464485183, "p": "67051.95000000", "q": "0.00010000", "b": 25434901773, "a": 25434902010, "T": 1709809873300, "m": true, "M": true}, "time": 1709809874324075345}, {"stream": "btcusdt@trade", "data": {"e": "trade", "E": 1709809873310, "s": "BTCUSDT", "t": 3464485184, "p": "67051.95000000", "q": "0.00002000", "b": 25434901773, "a": 25434902010, "T": 1709809873300, "m": true, "M": true}, "time": 1709809874324090845}, {"stream": "btcusdt@trade", "data": {"e": "trade", "E": 1709809873336, "s": "BTCUSDT", "t": 3464485185, "p": "67050.24000000", "q": "0.00173000", "b": 25434901783, "a": 25434902073, "T": 1709809873315, "m": true, "M": true}, "time": 1709809874349528945}, {"stream": "btcusdt@depth@100ms", "data": {"e": "depthUpdate", "E": 1709809873404, "s": "BTCUSDT", "U": 44004345534, "u": 44004345902, "b": [["67051.95000000", "0.00000000"], ["67050.24000000", "0.00000000"], ["67050.02000000", "0.00000000"], ["67050.00000000", "1.22692000"], ["67048.19000000", "0.00010000"], ["67047.71000000", "0.00000000"], ["67047.53000000", "0.00000000"], ["67047.51000000", "0.67453000"], ["67046.62000000", "0.00000000"], ["67044.12000000", "0.35632000"], ["67044.11000000", "0.00000000"], ["67042.91000000", "0.00000000"], ["67042.01000000", "0.00000000"], ["67041.59000000", "0.00000000"], ["67041.24000000", "0.00000000"], ["67040.48000000", "0.00000000"], ["67039.96000000", "0.18627000"], ["67039.75000000", "0.31286000"], ["67039.50000000", "0.00008000"], ["67038.39000000", "0.00000000"], ["67037.29000000", "0.00000000"], ["67035.74000000", "0.49167000"], ["67035.73000000", "0.00000000"], ["67033.61000000", "0.49168000"], ["67033.26000000", "0.00000000"], ["67030.32000000", "0.11172000"], ["67030.05000000", "0.00000000"], ["67030.01000000", "0.00000000"], ["67030.00000000", "0.00000000"], ["67028.48000000", "0.00000000"], ["67028.47000000", "0.00000000"], ["67027.63000000", "0.00957000"], ["67027.12000000", "0.11231000"], ["67023.16000000", "0.00000000"], ["67020.75000000", "0.00000000"], ["67019.86000000", "0.00000000"], ["67019.21000000", "0.29823000"], ["67018.84000000", "0.00000000"], ["67017.87000000", "0.00000000"], ["67017.75000000", "0.00328000"], ["67012.51000000", "0.00000000"], ["67012.50000000", "0.00000000"], ["67011.47000000", "0.89383000"], ["67010.82000000", "0.00000000"], ["67010.12000000", "0.00100000"], ["67009.15000000", "0.00000000"], ["67007.52000000", "0.00000000"], ["67007.50000000", "0.07470000"], ["67007.47000000", "0.00000000"], ["67006.67000000", "0.00092000"], ["67006.54000000", "0.00000000"], ["67006.14000000", "0.02269000"], ["67005.80000000", "0.00000000"], ["67000.44000000", "0.00010000"], ["66999.38000000", "0.00257000"], ["66998.79000000", "0.00020000"], ["66997.74000000", "0.00126000"], ["66996.07000000", "0.00324000"], ["66994.39000000", "0.01561000"], ["66992.72000000", "0.01234000"], ["66991.91000000", "0.01212000"], ["66991.04000000", "0.00638000"], ["66990.00000000", "0.06804000"], ["66985.69000000", "0.00000000"], ["66984.49000000", "0.00000000"], ["66980.81000000", "0.00000000"], ["66974.57000000", "0.89396000"], ["66972.43000000", "0.00149000"], ["66970.94000000", "0.00792000"], ["66962.11000000", "0.00000000"], ["66962.04000000", "0.00000000"], ["66958.43000000", "0.00149000"], ["66946.13000000", "0.00030000"], ["66936.26000000", "0.00000000"], ["66936.19000000", "0.00000000"], ["66936.12000000", "0.00000000"], ["66936.05000000", "0.00000000"], ["66892.16000000", "0.00149000"], ["66878.16000000", "0.00149000"], ["66858.31000000", "0.00044000"], ["66857.67000000", "0.00045000"], ["66806.95000000", "0.00000000"], ["66801.32000000", "0.00145000"], ["66379.74000000", "0.00009000"], ["65500.00000000", "21.92471000"], ["33530.54000000", "0.00000000"], ["33525.97000000", "0.00035000"], ["33000.00000000", "33.09971000"]], "a": [["67050.01000000", "5.92405000"], ["67050.03000000", "0.00000000"], ["67050.24000000", "0.00000000"], ["67050.25000000", "1.93233000"], ["67050.29000000", "0.22466000"], ["67050.30000000", "0.00000000"], ["67051.84000000", "0.38000000"], ["67051.94000000", "0.00000000"], ["67051.95000000", "0.00000000"], ["67051.96000000", "0.92853000"], ["67052.77000000", "0.00000000"], ["67053.24000000", "0.00000000"], ["67053.83000000", "0.00000000"], ["67053.84000000", "0.22463000"], ["67055.62000000", "0.03769000"], ["67055.67000000", "0.00000000"], ["67056.98000000", "0.22800000"], ["67056.99000000", "0.00000000"], ["67058.07000000", "0.20699000"], ["67058.08000000", "0.00000000"], ["67058.20000000", "0.00000000"], ["67058.21000000", "0.37745000"], ["67059.06000000", "0.00957000"], ["67059.55000000", "0.04071000"], ["67059.98000000", "0.00000000"], ["67061.10000000", "1.02830000"], ["67061.76000000", "0.11172000"], ["67062.60000000", "0.00008000"], ["67062.97000000", "0.43435000"], ["67063.40000000", "0.00000000"], ["67063.41000000", "0.18792000"], ["67063.71000000", "0.00000000"], ["67064.27000000", "0.52140000"], ["67064.44000000", "0.18627000"], ["67068.05000000", "0.00000000"], ["67068.12000000", "0.00000000"], ["67068.43000000", "0.00000000"], ["67069.24000000", "0.81934000"], ["67069.33000000", "0.00000000"], ["67069.62000000", "0.37243000"], ["67073.95000000", "0.44735000"], ["67077.05000000", "0.00000000"], ["67079.82000000", "0.00000000"], ["67080.10000000", "0.83570000"], ["67081.38000000", "0.00000000"], ["67082.93000000", "0.00714000"], ["67083.52000000", "0.11275000"], ["67087.05000000", "0.44735000"], ["67089.47000000", "0.00000000"], ["67090.14000000", "0.00000000"], ["67091.49000000", "0.00149000"], ["67091.84000000", "0.07074000"], ["67101.64000000", "0.00079000"], ["67102.78000000", "0.30861000"], ["67103.63000000", "0.06690000"], ["67107.72000000", "0.00403000"], ["67111.82000000", "0.00000000"], ["67114.27000000", "0.00000000"], ["67159.22000000", "0.00149000"], ["67163.64000000", "0.00000000"], ["67169.65000000", "0.00079000"], ["67250.00000000", "1.14227000"], ["67294.74000000", "0.00000000"], ["68500.00000000", "230.47429000"]]}, "time": 1709809874420079446}, {"stream": "btcusdt@depth@100ms", "data": {"e": "depthUpdate", "E": 1709809873504, "s": "BTCUSDT", "U": 44004345903, "u": 44004345972, "b": [["67050.00000000", "2.14125000"], ["67049.54000000", "0.66540000"], ["67047.51000000", "0.00000000"], ["67046.01000000", "0.05162000"], ["67045.61000000", "0.00000000"], ["67044.12000000", "0.00000000"], ["67042.01000000", "0.55388000"], ["67039.75000000", "0.00000000"], ["67039.57000000", "0.00000000"], ["67038.39000000", "0.49167000"], ["67035.74000000", "0.00000000"], ["67035.09000000", "0.52140000"], ["67034.95000000", "0.00044000"], ["67031.96000000", "0.31323000"], ["67030.51000000", "0.00000000"], ["67029.40000000", "0.37288000"], ["67027.93000000", "0.04108000"], ["67019.97000000", "0.67500000"], ["67018.56000000", "0.00000000"], ["67010.04000000", "0.00396000"], ["67008.03000000", "0.00395000"], ["66990.73000000", "0.00000000"], ["66982.60000000", "0.00210000"], ["66980.92000000", "0.00000000"], ["66961.97000000", "0.00000000"], ["66961.90000000", "0.00000000"], ["66961.83000000", "0.00000000"], ["66935.98000000", "0.00000000"], ["66918.74000000", "0.00000000"], ["66882.64000000", "0.00029000"], ["66847.10000000", "0.00000000"], ["66379.50000000", "0.00000000"]], "a": [["67050.01000000", "6.20976000"], ["67050.29000000", "0.00000000"], ["67051.96000000", "0.69851000"], ["67057.30000000", "0.02607000"], ["67058.43000000", "0.00021000"], ["67060.35000000", "0.18627000"], ["67061.09000000", "0.00566000"], ["67061.10000000", "1.03070000"], ["67061.11000000", "0.00074000"], ["67064.44000000", "0.00000000"], ["67068.04000000", "0.00000000"], ["67070.72000000", "0.02607000"], ["67071.18000000", "0.00000000"], ["67091.84000000", "0.00000000"], ["67100.28000000", "0.00396000"], ["67103.63000000", "0.00000000"], ["67202.57000000", "0.00029000"], ["67210.92000000", "0.00000000"], ["67300.00000000", "22.05342000"]]}, "time": 1709809874519996448}, {"stream": "btcusdt@trade", "data": {"e": "trade", "E": 1709809873529, "s": "BTCUSDT", "t": 3464485186, "p": "67050.00000000", "q": "0.00568000", "b": 25434901351, "a": 25434902273, "T": 1709809873528, "m": true, "M": true}, "time": 1709809874542242248}, {"stream": "btcusdt@trade", "data": {"e": "trade", "E": 1709809873534, "s": "BTCUSDT", "t": 3464485187, "p": "67050.01000000", "q": "0.00179000", "b": 25434902280, "a": 25434902116, "T": 1709809873533, "m": false, "M": true}, "time": 1709809874546318648}, {"stream": "btcusdt@trade", "data": {"e": "trade", "E": 1709809873588, "s": "BTCUSDT", "t": 3464485188, "p": "67050.00000000", "q": "0.00265000", "b": 25434901351, "a": 25434902296, "T": 1709809873588, "m": true, "M": true}, "time": 1709809874606787449}, {"stream": "btcusdt@depth@100ms", "data": {"e": "depthUpdate", "E": 1709809873604, "s": "BTCUSDT", "U": 44004345973, "u": 44004346008, "b": [["67050.00000000", "2.58431000"], ["67049.92000000", "0.14467000"], ["67048.01000000", "0.04615000"], ["67046.01000000", "0.00000000"], ["67045.19000000", "0.14906000"], ["67044.01000000", "0.45583000"], ["67040.97000000", "0.00052000"], ["67030.65000000", "0.29818000"], ["67027.12000000", "0.33694000"], ["67024.54000000", "0.00000000"], ["67014.27000000", "0.29825000"], ["66987.77000000", "0.29837000"], ["66976.70000000", "0.01329000"], ["66961.76000000", "0.00000000"], ["66955.80000000", "0.00420000"], ["66945.83000000", "0.29856000"], ["66940.01000000", "0.00130000"]], "a": [["67050.01000000", "6.57286000"], ["67050.25000000", "0.29402000"], ["67051.83000000", "0.01419000"], ["67051.96000000", "0.68967000"], ["67053.11000000", "0.13487000"], ["67058.15000000", "0.29806000"], ["67058.21000000", "0.37833000"], ["67061.10000000", "0.97871000"], ["67073.86000000", "0.29799000"], ["67106.26000000", "0.29784000"], ["67119.38000000", "0.00210000"], ["67149.49000000", "0.29765000"]]}, "time": 1709809874620585049}, {"stream": "btcusdt@depth@100ms", "data": {"e": "depthUpdate", "E": 1709809873704, "s": "BTCUSDT", "U": 44004346009, "u": 44004346035, "b": [["67043.12000000", "0.29812000"], ["67027.94000000", "0.02181000"], ["67027.12000000", "0.33694000"], ["67025.28000000", "0.00000000"], ["66999.47000000", "0.05414000"], ["66985.72000000", "0.00000000"], ["66972.43000000", "0.00000000"], ["66970.01000000", "0.00149000"], ["66969.48000000", "0.18157000"], ["66961.69000000", "0.00000000"], ["66961.62000000", "0.00075000"], ["66958.43000000", "0.00000000"], ["66956.50000000", "0.00149000"], ["66928.99000000", "0.00640000"], ["16766.50000000", "0.00000000"]], "a": [["67050.01000000", "6.50771000"], ["67050.13000000", "0.29809000"], ["67050.25000000", "0.16402000"], ["67058.00000000", "0.28379000"], ["67058.07000000", "0.00000000"], ["67067.66000000", "0.00020000"], ["67113.76000000", "0.00368000"], ["67123.88000000", "0.00000000"], ["67129.92000000", "0.00000000"], ["67146.21000000", "0.00420000"], ["67149.99000000", "0.00000000"]]}, "time": 1709809874721607151}, {"stream": "btcusdt@depth@100ms", "data": {"e": "depthUpdate", "E": 1709809873804, "s": "BTCUSDT", "U": 44004346036, "u": 44004346058, "b": [["67050.00000000", "2.83113000"], ["67045.19000000", "0.00000000"], ["67031.95000000", "0.00000000"], ["67021.02000000", "0.04509000"], ["67019.44000000", "0.22361000"], ["66961.55000000", "0.00000000"], ["66961.48000000", "0.00000000"], ["66940.01000000", "0.00000000"], ["66937.41000000", "0.00130000"], ["66865.95000000", "0.00000000"], ["66857.67000000", "0.00175000"], ["66379.50000000", "0.00000000"]], "a": [["67050.01000000", "6.39181000"], ["67060.91000000", "0.00046000"], ["67062.83000000", "0.05963000"], ["67093.91000000", "0.00117000"], ["67102.77000000", "0.00000000"], ["67123.96000000", "0.00000000"], ["67129.50000000", "0.01890000"], ["67161.06000000", "0.00117000"], ["67169.64000000", "0.00000000"], ["67173.05000000", "0.00630000"]]}, "time": 1709809874823353053}, {"stream": "btcusdt@trade", "data": {"e": "trade", "E": 1709809873816, "s": "BTCUSDT", "t": 3464485189, "p": "67050.01000000", "q": "0.00074000", "b": 25434902335, "a": 25434902116, "T": 1709809873813, "m": false, "M": true}, "time": 1709809874833407653}, {"stream": "btcusdt@depth@100ms", "data": {"e": "depthUpdate", "E": 1709809873904, "s": "BTCUSDT", "U": 44004346059, "u": 44004346103, "b": [["67050.00000000", "3.10959000"], ["67038.78000000", "0.52140000"], ["67036.63000000", "0.29815000"], ["67031.58000000", "0.00052000"], ["67020.86000000", "0.00000000"], ["67019.21000000", "0.00000000"], ["66997.68000000", "0.03663000"], ["66978.73000000", "0.02977000"], ["66961.41000000", "0.00000000"], ["66940.55000000", "0.00000000"], ["66937.73000000", "0.01253000"], ["66858.31000000", "0.00000000"], ["66379.50000000", "0.00000000"], ["65900.00000000", "3.16229000"], ["33000.00000000", "33.09971000"]], "a": [["67050.01000000", "4.91933000"], ["67051.96000000", "0.39158000"], ["67053.12000000", "0.00000000"], ["67053.84000000", "0.00000000"], ["67054.08000000", "0.00000000"], ["67054.71000000", "0.29807000"], ["67057.30000000", "0.23306000"], ["67058.00000000", "0.07680000"], ["67058.21000000", "0.35554000"], ["67059.55000000", "0.00000000"], ["67063.50000000", "0.02275000"], ["67063.67000000", "0.04126000"], ["67073.86000000", "0.00000000"], ["67079.04000000", "0.00000000"], ["67080.98000000", "0.17885000"], ["67086.75000000", "0.00000000"], ["67094.15000000", "0.06023000"], ["67153.58000000", "0.03512000"], ["67163.65000000", "0.00000000"], ["67733.33000000", "0.00355000"]]}, "time": 1709809874932977554}, {"stream": "btcusdt@trade", "data": {"e": "trade", "E": 1709809873993, "s": "BTCUSDT", "t": 3464485190, "p": "67050.01000000", "q": "0.03270000", "b": 25434902370, "a": 25434902116, "T": 1709809873993, "m": false, "M": true}, "time": 1709809875006583656}, {"stream": "btcusdt@depth@100ms", "data": {"e": "depthUpdate", "E": 1709809874004, "s": "BTCUSDT", "U": 44004346104, "u": 44004346133, "b": [["67050.00000000", "3.18537000"], ["67043.10000000", "0.00000000"], ["67032.63000000", "0.00000000"], ["67031.96000000", "0.00000000"], ["67023.31000000", "0.59589000"], ["66995.75000000", "0.04992000"], ["66961.34000000", "0.00000000"], ["66961.27000000", "0.00000000"], ["66857.67000000", "0.00130000"], ["53648.88000000", "0.00013000"], ["53640.00000000", "0.00683000"], ["33525.97000000", "0.00000000"], ["33525.00000000", "0.00035000"]], "a": [["67050.01000000", "4.96113000"], ["67050.25000000", "0.14904000"], ["67050.78000000", "0.07200000"], ["67051.83000000", "0.24920000"], ["67053.11000000", "0.00000000"], ["67053.84000000", "0.22463000"], ["67053.99000000", "0.17891000"], ["67057.30000000", "0.02607000"], ["67058.08000000", "0.20699000"], ["67058.15000000", "0.00000000"], ["67060.16000000", "0.00044000"], ["67061.10000000", "0.99527000"], ["67061.11000000", "0.00000000"], ["67062.83000000", "0.00000000"], ["99176.19000000", "0.00353000"]]}, "time": 1709809875021892256}, {"stream": "btcusdt@depth@100ms", "data": {"e": "depthUpdate", "E": 1709809874104, "s": "BTCUSDT", "U": 44004346134, "u": 44004346152, "b": [["67050.00000000", "3.18537000"], ["67048.08000000", "0.29810000"], ["66995.75000000", "0.00000000"], ["66981.10000000", "0.12128000"], ["66961.20000000", "0.00000000"], ["66000.00000000", "23.43210000"]], "a": [["67051.83000000", "0.23501000"], ["67061.08000000", "0.29804000"], ["67080.96000000", "0.29796000"], ["67081.14000000", "0.00000000"], ["67084.14000000", "0.06023000"], ["67089.73000000", "0.22355000"], ["67093.33000000", "7.89068000"], ["67094.15000000", "0.00000000"], ["67100.25000000", "0.00000000"], ["67129.50000000", "0.32236000"], ["67141.10000000", "0.00158000"], ["67159.99000000", "0.51076000"]]}, "time": 1709809875119536857}, {"stream": "btcusdt@trade", "data": {"e": "trade", "E": 1709809874113, "s": "BTCUSDT", "t": 3464485191, "p": "67050.00000000", "q": "0.00463000", "b": 25434901351, "a": 25434902391, "T": 1709809874113, "m": true, "M": true}, "time": 1709809875127832557}, {"stream": "btcusdt@trade", "data": {"e": "trade", "E": 1709809874121, "s": "BTCUSDT", "t": 3464485192, "p": "67050.00000000", "q": "0.00083000", "b": 25434901351, "a": 25434902395, "T": 1709809874120, "m": true, "M": true}, "time": 1709809875137902358}, {"stream": "btcusdt@trade", "data": {"e": "trade", "E": 1709809874121, "s": "BTCUSDT", "t": 3464485193, "p": "67050.00000000", "q": "0.00128000", "b": 25434901351, "a": 25434902396, "T": 1709809874121, "m": true, "M": true}, "time": 1709809875137955958}, {"stream": "btcusdt@depth@100ms", "data": {"e": "depthUpdate", "E": 1709809874204, "s": "BTCUSDT", "U": 44004346153, "u": 44004346177, "b": [["67050.00000000", "3.17874000"], ["67048.28000000", "0.14905000"], ["67048.09000000", "0.17889000"], ["67048.01000000", "0.00000000"], ["67043.12000000", "0.00000000"], ["67039.72000000", "0.00045000"], ["67027.70000000", "0.29819000"], ["42000.00000000", "74.71008000"]], "a": [["67050.01000000", "4.87176000"], ["67051.82000000", "0.01420000"], ["67052.09000000", "0.00011000"], ["67057.54000000", "0.00000000"], ["67057.78000000", "0.00000000"], ["67060.74000000", "0.29805000"], ["67070.14000000", "0.00000000"], ["67075.22000000", "0.00000000"], ["67080.96000000", "0.59592000"], ["67093.34000000", "0.00000000"], ["67114.47000000", "3.12000000"], ["67177.41000000", "0.00010000"]]}, "time": 1709809875222273459}, {"stream": "btcusdt@trade", "data": {"e": "trade", "E": 1709809874294, "s": "BTCUSDT", "t": 3464485194, "p": "67050.01000000", "q": "0.01205000", "b": 25434902412, "a": 25434902116, "T": 1709809874293, "m": false, "M": true}, "time": 1709809875306816660}, {"stream": "btcusdt@depth@100ms", "data": {"e": "depthUpdate", "E": 1709809874304, "s": "BTCUSDT", "U": 44004346178, "u": 44004346194, "b": [["67050.00000000", "3.17830000"], ["67048.28000000", "0.00000000"], ["67048.08000000", "0.00000000"], ["67043.91000000", "0.00000000"], ["67043.65000000", "0.00052000"], ["67030.50000000", "0.02607000"], ["66856.88000000", "0.00045000"], ["66379.50000000", "0.00000000"], ["16766.50000000", "0.00089000"]], "a": [["67050.01000000", "4.85971000"], ["67055.62000000", "0.00000000"], ["67116.10000000", "0.00000000"], ["67245.45000000", "0.02971000"]]}, "time": 1709809875316714561}, {"stream": "btcusdt@depth@100ms", "data": {"e": "depthUpdate", "E": 1709809874404, "s": "BTCUSDT", "U": 44004346195, "u": 44004346226, "b": [["67050.00000000", "4.51068000"], ["67049.77000000", "0.14904000"], ["67048.09000000", "0.04617000"], ["67039.72000000", "0.00000000"], ["67035.73000000", "0.81934000"], ["67035.59000000", "0.02105000"], ["66856.88000000", "0.00000000"], ["66379.50000000", "0.00000000"], ["58000.00000000", "100.64500000"], ["33000.00000000", "33.10031000"]], "a": [["67053.99000000", "0.19872000"], ["67054.71000000", "0.00000000"], ["67057.30000000", "0.23306000"], ["67058.08000000", "0.00000000"], ["67058.21000000", "0.13088000"], ["67060.49000000", "0.00000000"], ["67066.53000000", "0.00000000"], ["67067.17000000", "0.29802000"], ["67068.43000000", "0.12000000"], ["67072.20000000", "0.00000000"], ["67073.46000000", "0.07995000"], ["67093.33000000", "0.00000000"], ["67177.26000000", "0.01321000"], ["67177.32000000", "0.00000000"], ["67198.94000000", "0.00000000"]]}, "time": 1709809875421804062}, {"stream": "btcusdt@depth@100ms", "data": {"e": "depthUpdate", "E": 1709809874504, "s": "BTCUSDT", "U": 44004346227, "u": 44004346253, "b": [["67050.00000000", "4.51112000"], ["67048.76000000", "0.29963000"], ["67043.91000000", "0.02607000"], ["67041.59000000", "0.29813000"], ["67041.16000000", "0.29813000"], ["67037.44000000", "0.29815000"], ["67036.63000000", "0.00000000"], ["67027.70000000", "0.00000000"], ["67027.31000000", "0.00231000"], ["67025.98000000", "0.29820000"], ["67011.14000000", "0.27060000"], ["33000.00000000", "33.09971000"]], "a": [["67050.01000000", "4.63037000"], ["67053.34000000", "0.13479000"], ["67053.84000000", "0.00000000"], ["67053.99000000", "0.01981000"], ["67056.11000000", "0.29807000"], ["67057.30000000", "0.02607000"], ["67057.99000000", "0.20699000"], ["67060.74000000", "0.00000000"], ["67069.46000000", "0.29801000"], ["67071.58000000", "0.29800000"], ["67177.26000000", "0.00000000"], ["67196.22000000", "0.00000000"], ["67196.63000000", "0.01321000"]]}, "time": 1709809875518905764}, {"stream": "btcusdt@trade", "data": {"e": "trade", "E": 1709809874600, "s": "BTCUSDT", "t": 3464485195, "p": "67050.01000000", "q": "0.05000000", "b": 25434902488, "a": 25434902174, "T": 1709809874598, "m": false, "M": true}, "time": 1709809875612090965}, {"stream": "btcusdt@trade", "data": {"e": "trade", "E": 1709809874600, "s": "BTCUSDT", "t": 3464485196, "p": "67050.01000000", "q": "0.00173000", "b": 25434902488, "a": 25434902176, "T": 1709809874598, "m": false, "M": true}, "time": 1709809875613570065}, {"stream": "btcusdt@trade", "data": {"e": "trade", "E": 1709809874600, "s": "BTCUSDT", "t": 3464485197, "p": "67050.01000000", "q": "0.00045000", "b": 25434902488, "a": 25434902244, "T": 1709809874598, "m": false, "M": true}, "time": 1709809875613601465}, {"stream": "btcusdt@trade", "data": {"e": "trade", "E": 1709809874600, "s": "BTCUSDT", "t": 3464485198, "p": "67050.01000000", "q": "0.00044000", "b": 25434902488, "a": 25434902257, "T": 1709809874598, "m": false, "M": true}, "time": 1709809875613615365}, {"stream": "btcusdt@trade", "data": {"e": "trade", "E": 1709809874600, "s": "BTCUSDT", "t": 3464485199, "p": "67050.01000000", "q": "0.00045000", "b": 25434902488, "a": 25434902261, "T": 1709809874598, "m": false, "M": true}, "time": 1709809875613625465}, {"stream": "btcusdt@trade", "data": {"e": "trade", "E": 1709809874600, "s": "BTCUSDT", "t": 3464485200, "p": "67050.01000000", "q": "0.24235000", "b": 25434902488, "a": 25434901780, "T": 1709809874598, "m": false, "M": true}, "time": 1709809875613634565}, {"stream": "btcusdt@trade", "data": {"e": "trade", "E": 1709809874602, "s": "BTCUSDT", "t": 3464485201, "p": "67050.01000000", "q": "0.01010000", "b": 25434902489, "a": 25434902344, "T": 1709809874600, "m": false, "M": true}, "time": 1709809875614741965}, {"stream": "btcusdt@trade", "data": {"e": "trade", "E": 1709809874602, "s": "BTCUSDT", "t": 3464485202, "p": "67050.01000000", "q": "0.09883000", "b": 25434902491, "a": 25434902344, "T": 1709809874601, "m": false, "M": true}, "time": 1709809875615727965}, {"stream": "btcusdt@trade", "data": {"e": "trade", "E": 1709809874603, "s": "BTCUSDT", "t": 3464485203, "p": "67050.01000000", "q": "0.11598000", "b": 25434902497, "a": 25434902344, "T": 1709809874602, "m": false, "M": true}, "time": 1709809875615758665}, {"stream": "btcusdt@trade", "data": {"e": "trade", "E": 1709809874605, "s": "BTCUSDT", "t": 3464485204, "p": "67050.01000000", "q": "0.81509000", "b": 25434902501, "a": 25434902344, "T": 1709809874604, "m": false, "M": true}, "time": 1709809875618772765}, {"stream": "btcusdt@trade", "data": {"e": "trade", "E": 1709809874605, "s": "BTCUSDT", "t": 3464485205, "p": "67050.01000000", "q": "0.05000000", "b": 25434902501, "a": 25434902493, "T": 1709809874604, "m": false, "M": true}, "time": 1709809875618833765}, {"stream": "btcusdt@depth@100ms", "data": {"e": "depthUpdate", "E": 1709809874604, "s": "BTCUSDT", "U": 44004346254, "u": 44004346379, "b": [["67050.00000000", "5.04996000"], ["67049.14000000", "0.04493000"], ["67048.34000000", "0.12757000"], ["67047.37000000", "0.04493000"], ["67046.33000000", "0.00052000"], ["67045.34000000", "0.04493000"], ["67043.91000000", "0.00000000"], ["67043.31000000", "0.08264000"], ["67042.27000000", "0.52140000"], ["67041.16000000", "0.00000000"], ["67040.48000000", "0.11231000"], ["67038.28000000", "0.08264000"], ["67035.09000000", "0.00000000"], ["67030.50000000", "0.02607000"], ["67017.10000000", "0.39850000"], ["67016.43000000", "0.00075000"], ["67014.27000000", "0.00000000"], ["66999.47000000", "0.00000000"], ["66995.10000000", "0.00000000"], ["66987.77000000", "0.00000000"], ["66945.83000000", "0.00000000"], ["33525.00000000", "0.00035000"]], "a": [["67050.01000000", "0.86520000"], ["67050.13000000", "0.00000000"], ["67050.25000000", "0.00000000"], ["67051.82000000", "0.00000000"], ["67051.84000000", "0.00000000"], ["67051.96000000", "0.00000000"], ["67052.00000000", "0.00000000"], ["67053.03000000", "0.00000000"], ["67053.34000000", "0.04960000"], ["67053.35000000", "0.00000000"], ["67053.99000000", "0.00000000"], ["67055.63000000", "0.00000000"], ["67056.11000000", "0.00000000"], ["67056.27000000", "0.00000000"], ["67057.07000000", "0.00000000"], ["67057.30000000", "0.20699000"], ["67057.99000000", "0.00000000"], ["67058.21000000", "0.00088000"], ["67058.38000000", "0.08264000"], ["67058.79000000", "0.00000000"], ["67059.06000000", "0.00000000"], ["67059.75000000", "0.00000000"], ["67060.50000000", "0.56000000"], ["67061.08000000", "0.00000000"], ["67061.10000000", "0.86527000"], ["67061.25000000", "0.00000000"], ["67061.76000000", "0.00000000"], ["67062.20000000", "0.00000000"], ["67064.27000000", "0.00000000"], ["67064.71000000", "0.00000000"], ["67065.74000000", "0.00000000"], ["67066.45000000", "0.00000000"], ["67067.20000000", "0.22463000"], ["67067.89000000", "0.52140000"], ["67068.40000000", "0.11172000"], ["67068.43000000", "0.00000000"], ["67068.72000000", "0.00000000"], ["67069.13000000", "0.12000000"], ["67069.46000000", "0.00000000"], ["67070.72000000", "0.00000000"], ["67071.58000000", "0.00000000"], ["67073.88000000", "0.00000000"], ["67073.95000000", "0.00000000"], ["67074.54000000", "0.00000000"], ["67076.70000000", "0.00957000"], ["67080.98000000", "0.00000000"], ["67082.73000000", "0.00000000"], ["67082.92000000", "0.00000000"], ["67084.19000000", "0.00000000"], ["67084.78000000", "0.17958000"], ["67087.05000000", "0.00000000"], ["67089.77000000", "0.00000000"], ["67106.26000000", "0.00000000"], ["67118.31000000", "0.00000000"], ["67149.49000000", "0.00000000"], ["67161.13000000", "0.00000000"], ["67176.39000000", "0.44742000"], ["67189.50000000", "0.44742000"], ["67196.63000000", "0.00000000"], ["67319.99000000", "0.50000000"]]}, "time": 1709809875621571565}, {"stream": "btcusdt@trade", "data": {"e": "trade", "E": 1709809874611, "s": "BTCUSDT", "t": 3464485206, "p": "67050.78000000", "q": "0.07200000", "b": 25434902537, "a": 25434902361, "T": 1709809874608, "m": false, "M": true}, "time": 1709809875627649766}, {"stream": "btcusdt@trade", "data": {"e": "trade", "E": 1709809874618, "s": "BTCUSDT", "t": 3464485207, "p": "67052.09000000", "q": "0.00011000", "b": 25434902601, "a": 25434902403, "T": 1709809874614, "m": false, "M": true}, "time": 1709809875631615466}, {"stream": "btcusdt@depth@100ms", "data": {"e": "depthUpdate", "E": 1709809874704, "s": "BTCUSDT", "U": 44004346380, "u": 44004346663, "b": [["67052.08000000", "2.64645000"], ["67052.00000000", "0.07680000"], ["67051.94000000", "0.82841000"], ["67051.83000000", "0.22466000"], ["67051.82000000", "0.13000000"], ["67050.89000000", "0.00000000"], ["67050.78000000", "0.29809000"], ["67050.77000000", "2.44464000"], ["67050.24000000", "0.00000000"], ["67050.16000000", "0.00000000"], ["67050.13000000", "0.00000000"], ["67050.12000000", "0.28000000"], ["67050.02000000", "0.00000000"], ["67050.01000000", "0.00000000"], ["67050.00000000", "1.78985000"], ["67049.92000000", "0.00000000"], ["67049.77000000", "0.00000000"], ["67048.09000000", "0.00000000"], ["67046.96000000", "0.52140000"], ["67045.50000000", "0.01491000"], ["67044.14000000", "0.11172000"], ["67044.11000000", "0.81934000"], ["67043.69000000", "0.00018000"], ["67043.31000000", "0.18792000"], ["67042.27000000", "0.00000000"], ["67041.59000000", "0.00000000"], ["67040.09000000", "0.59589000"], ["67039.46000000", "0.37243000"], ["67038.78000000", "0.00000000"], ["67038.28000000", "0.18792000"], ["67037.89000000", "0.04194000"], ["67037.06000000", "0.00000000"], ["67035.73000000", "1.63868000"], ["67035.11000000", "0.02253000"], ["67034.95000000", "0.00000000"], ["67030.65000000", "0.00000000"], ["67030.32000000", "0.00000000"], ["67027.31000000", "0.00231000"], ["67026.25000000", "0.89383000"], ["67025.00000000", "0.18444000"], ["67023.31000000", "0.00000000"], ["67011.48000000", "0.00076000"], ["67010.04000000", "0.00000000"], ["67009.31000000", "0.00000000"], ["67007.72000000", "0.03663000"], ["66997.68000000", "0.00000000"], ["66974.57000000", "0.00013000"], ["53641.57000000", "0.00000000"], ["42000.00000000", "74.70908000"]], "a": [["67050.01000000", "0.00000000"], ["67050.78000000", "0.00000000"], ["67051.83000000", "0.00000000"], ["67052.09000000", "0.00011000"], ["67052.11000000", "0.00008000"], ["67053.34000000", "0.00000000"], ["67054.00000000", "0.00000000"], ["67055.77000000", "0.29807000"], ["67055.99000000", "0.00000000"], ["67056.98000000", "0.00000000"], ["67057.30000000", "0.00000000"], ["67058.09000000", "0.00000000"], ["67058.38000000", "0.00000000"], ["67058.43000000", "0.00000000"], ["67059.99000000", "0.00000000"], ["67060.50000000", "0.00000000"], ["67061.05000000", "0.00044000"], ["67062.60000000", "0.00000000"], ["67062.98000000", "0.00000000"], ["67063.41000000", "0.08264000"], ["67063.50000000", "0.00000000"], ["67063.67000000", "0.00000000"], ["67065.90000000", "0.00000000"], ["67067.16000000", "0.35762000"], ["67067.32000000", "0.00000000"], ["67067.89000000", "0.00000000"], ["67068.40000000", "0.00000000"], ["67068.44000000", "0.08264000"], ["67069.13000000", "0.00000000"], ["67069.20000000", "0.00000000"], ["67069.24000000", "0.00000000"], ["67069.72000000", "0.00000000"], ["67070.71000000", "0.00000000"], ["67070.72000000", "0.02607000"], ["67071.09000000", "0.00000000"], ["67072.30000000", "0.00368000"], ["67073.11000000", "0.00000000"], ["67073.43000000", "0.18444000"], ["67074.32000000", "0.00000000"], ["67075.63000000", "0.11172000"], ["67076.53000000", "0.52140000"], ["67077.63000000", "0.00000000"], ["67078.94000000", "0.79917000"], ["67079.10000000", "0.59597000"], ["67079.45000000", "0.12000000"], ["67080.10000000", "0.00000000"], ["67081.65000000", "0.00000000"], ["67084.14000000", "0.00000000"], ["67084.78000000", "0.00074000"], ["67084.96000000", "0.90859000"], ["67086.53000000", "0.00000000"], ["67088.37000000", "0.17882000"], ["67089.25000000", "0.05202000"], ["67096.19000000", "0.00000000"], ["67097.11000000", "0.22356000"], ["67102.78000000", "1.12795000"], ["67113.76000000", "0.00000000"], ["67117.18000000", "0.00368000"], ["67125.68000000", "0.44693000"], ["67159.99000000", "0.20225000"], ["67168.54000000", "0.89328000"], ["67176.39000000", "0.00000000"], ["67178.09000000", "0.00000000"], ["67179.99000000", "0.02696000"], ["67183.72000000", "0.00000000"], ["67189.99000000", "0.00000000"], ["67202.60000000", "0.44742000"], ["67208.92000000", "0.44742000"], ["67241.69000000", "0.00044000"], ["67241.91000000", "0.00044000"], ["67318.69000000", "0.00178000"]]}, "time": 1709809875718557767}, {"stream": "btcusdt@trade", "data": {"e": "trade", "E": 1709809874709, "s": "BTCUSDT", "t": 3464485208, "p": "67052.09000000", "q": "0.00011000", "b": 25434902685, "a": 25434902403, "T": 1709809874707, "m": false, "M": true}, "time": 1709809875723865667}, {"stream": "btcusdt@trade", "data": {"e": "trade", "E": 1709809874709, "s": "BTCUSDT", "t": 3464485209, "p": "67052.09000000", "q": "0.00011000", "b": 25434902685, "a": 25434902403, "T": 1709809874707, "m": false, "M": true}, "time": 1709809875723919167}, {"stream": "btcusdt@trade", "data": {"e": "trade", "E": 1709809874709, "s": "BTCUSDT", "t": 3464485210, "p": "67052.11000000", "q": "0.00007000", "b": 25434902685, "a": 25434902603, "T": 1709809874707, "m": false, "M": true}, "time": 1709809875723938667}, {"stream": "btcusdt@depth@100ms", "data": {"e": "depthUpdate", "E": 1709809874804, "s": "BTCUSDT", "U": 44004346664, "u": 44004346821, "b": [["67052.10000000", "7.49649000"], ["67052.09000000", "3.59593000"], ["67052.08000000", "1.60928000"], ["67051.94000000", "0.00000000"], ["67050.78000000", "0.00000000"], ["67050.77000000", "0.35466000"], ["67050.00000000", "1.56115000"], ["67049.54000000", "0.00000000"], ["67046.96000000", "0.00000000"], ["67044.88000000", "0.29812000"], ["67044.15000000", "0.49161000"], ["67044.01000000", "0.00000000"], ["67043.91000000", "0.02607000"], ["67043.31000000", "0.18792000"], ["67040.54000000", "0.00046000"], ["67039.46000000", "0.37243000"], ["67038.39000000", "0.00000000"], ["67035.74000000", "0.98323000"], ["67029.40000000", "0.37243000"], ["67027.94000000", "0.00000000"], ["67023.52000000", "0.29821000"], ["67020.84000000", "0.00397000"], ["67018.06000000", "0.00257000"], ["66999.38000000", "0.00000000"], ["66997.74000000", "0.00000000"], ["66996.28000000", "0.01329000"], ["66996.07000000", "0.00000000"], ["66994.78000000", "0.29834000"], ["66994.39000000", "0.00000000"], ["66992.72000000", "0.00000000"], ["66991.91000000", "0.00000000"], ["66991.04000000", "0.00000000"], ["66976.70000000", "0.00000000"], ["66970.94000000", "0.00000000"], ["66959.26000000", "0.01098000"], ["66953.57000000", "0.29852000"], ["66381.56000000", "0.00000000"], ["65980.00000000", "0.00743000"]], "a": [["67052.09000000", "0.00000000"], ["67052.11000000", "0.00012000"], ["67054.19000000", "0.00011000"], ["67055.49000000", "0.00000000"], ["67055.77000000", "0.67807000"], ["67057.39000000", "0.25338000"], ["67058.38000000", "0.08264000"], ["67058.89000000", "0.67614000"], ["67062.96000000", "0.01981000"], ["67062.97000000", "0.00000000"], ["67067.05000000", "0.05962000"], ["67069.32000000", "0.00000000"], ["67071.47000000", "0.00000000"], ["67072.33000000", "0.02259000"], ["67073.46000000", "0.00000000"], ["67085.82000000", "0.00000000"], ["67086.63000000", "0.00000000"], ["67087.50000000", "0.00000000"], ["67088.02000000", "0.29792000"], ["67090.68000000", "0.80631000"], ["67090.86000000", "0.00000000"], ["67091.66000000", "0.00000000"], ["67092.53000000", "0.00000000"], ["67094.21000000", "0.00000000"], ["67097.56000000", "0.00000000"], ["67100.28000000", "0.00000000"], ["67101.89000000", "0.01936000"], ["67102.50000000", "0.06023000"], ["67102.57000000", "0.00257000"], ["67104.67000000", "0.00072000"], ["67106.35000000", "0.01048000"], ["67107.61000000", "0.01329000"], ["67109.71000000", "0.00126000"], ["67110.98000000", "0.00000000"], ["67111.38000000", "0.00252000"], ["67111.76000000", "0.00404000"], ["67112.66000000", "0.00000000"], ["67113.06000000", "0.00467000"], ["67113.47000000", "0.29781000"], ["67115.21000000", "0.00000000"], ["67116.42000000", "0.00638000"], ["67129.84000000", "0.00838000"], ["67131.52000000", "0.01234000"], ["67134.07000000", "0.01212000"], ["67157.14000000", "0.29762000"], ["67169.99000000", "0.00000000"], ["67179.99000000", "0.00000000"]]}, "time": 1709809875818986769}, {"stream": "btcusdt@trade", "data": {"e": "trade", "E": 1709809874807, "s": "BTCUSDT", "t": 3464485211, "p": "67052.11000000", "q": "0.00001000", "b": 25434902780, "a": 25434902603, "T": 1709809874806, "m": false, "M": true}, "time": 1709809875820638869}, {"stream": "btcusdt@trade", "data": {"e": "trade", "E": 1709809874807, "s": "BTCUSDT", "t": 3464485212, "p": "67052.11000000", "q": "0.00011000", "b": 25434902780, "a": 25434902726, "T": 1709809874806, "m": false, "M": true}, "time": 1709809875820660969}, {"stream": "btcusdt@trade", "data": {"e": "trade", "E": 1709809874807, "s": "BTCUSDT", "t": 3464485213, "p": "67052.11000000", "q": "0.00006000", "b": 25434902780, "a": 25434902726, "T": 1709809874806, "m": false, "M": true}, "time": 1709809875820670469}, {"stream": "btcusdt@trade", "data": {"e": "trade", "E": 1709809874811, "s": "BTCUSDT", "t": 3464485214, "p": "67052.11000000", "q": "0.00005000", "b": 25434902788, "a": 25434902726, "T": 1709809874809, "m": false, "M": true}, "time": 1709809875826663069}, {"stream": "btcusdt@trade", "data": {"e": "trade", "E": 1709809874811, "s": "BTCUSDT", "t": 3464485215, "p": "67052.11000000", "q": "0.00003000", "b": 25434902788, "a": 25434902787, "T": 1709809874809, "m": false, "M": true}, "time": 1709809875826713169}, {"stream": "btcusdt@trade", "data": {"e": "trade", "E": 1709809874813, "s": "BTCUSDT", "t": 3464485216, "p": "67052.11000000", "q": "0.00011000", "b": 25434902792, "a": 25434902726, "T": 1709809874811, "m": false, "M": true}, "time": 1709809875827625369}, {"stream": "btcusdt@trade", "data": {"e": "trade", "E": 1709809874813, "s": "BTCUSDT", "t": 3464485217, "p": "67052.11000000", "q": "0.00001000", "b": 25434902792, "a": 25434902726, "T": 1709809874811, "m": false, "M": true}, "time": 1709809875828256669}, {"stream": "btcusdt@trade", "data": {"e": "trade", "E": 1709809874815, "s": "BTCUSDT", "t": 3464485218, "p": "67052.13000000", "q": "0.00008000", "b": 25434902806, "a": 25434902790, "T": 1709809874813, "m": false, "M": true}, "time": 1709809875834550669}, {"stream": "btcusdt@trade", "data": {"e": "trade", "E": 1709809874819, "s": "BTCUSDT", "t": 3464485219, "p": "67054.19000000", "q": "0.00011000", "b": 25434902852, "a": 25434902729, "T": 1709809874818, "m": false, "M": true}, "time": 1709809875838701469}, {"stream": "btcusdt@trade", "data": {"e": "trade", "E": 1709809874900, "s": "BTCUSDT", "t": 3464485220, "p": "67054.18000000", "q": "0.00009000", "b": 25434902806, "a": 25434902887, "T": 1709809874899, "m": true, "M": true}, "time": 1709809875913868470}, {"stream": "btcusdt@trade", "data": {"e": "trade", "E": 1709809874900, "s": "BTCUSDT", "t": 3464485221, "p": "67054.18000000", "q": "0.04848000", "b": 25434902807, "a": 25434902887, "T": 1709809874899, "m": true, "M": true}, "time": 1709809875913948570}, {"stream": "btcusdt@depth@100ms", "data": {"e": "depthUpdate", "E": 1709809874904, "s": "BTCUSDT", "U": 44004346822, "u": 44004346990, "b": [["67054.18000000", "4.15725000"], ["67054.00000000", "0.07680000"], ["67053.83000000", "0.00000000"], ["67053.36000000", "0.08264000"], ["67052.70000000", "0.00008000"], ["67052.22000000", "0.28000000"], ["67052.12000000", "2.28017000"], ["67052.11000000", "0.00000000"], ["67052.10000000", "4.21746000"], ["67052.09000000", "0.00000000"], ["67052.08000000", "0.22785000"], ["67050.00000000", "1.28115000"], ["67048.34000000", "0.23285000"], ["67045.79000000", "0.02226000"], ["67043.31000000", "0.08264000"], ["67039.96000000", "0.00000000"], ["67039.46000000", "0.37243000"], ["67035.33000000", "0.01919000"], ["67030.63000000", "0.01919000"], ["67027.49000000", "0.65140000"], ["67027.09000000", "0.27060000"], ["67025.93000000", "0.01919000"], ["67014.46000000", "0.00126000"], ["67012.78000000", "0.00324000"], ["67011.14000000", "0.00000000"], ["67011.11000000", "0.01561000"], ["67009.43000000", "0.01234000"], ["67008.98000000", "0.00000000"], ["67008.63000000", "0.01212000"], ["67007.76000000", "0.00638000"], ["67001.70000000", "0.05217000"], ["66999.25000000", "0.00000000"], ["66987.65000000", "0.00792000"], ["66974.62000000", "0.00149000"], ["66970.01000000", "0.00000000"], ["66381.58000000", "0.00000000"], ["66000.55000000", "0.00000000"]], "a": [["67052.11000000", "0.00000000"], ["67052.13000000", "0.00000000"], ["67054.19000000", "0.60181000"], ["67054.21000000", "0.00000000"], ["67054.27000000", "0.71732000"], ["67055.60000000", "0.14903000"], ["67055.96000000", "0.21211000"], ["67057.39000000", "0.00000000"], ["67060.35000000", "0.00000000"], ["67061.10000000", "0.84871000"], ["67063.40000000", "0.12642000"], ["67064.24000000", "0.18630000"], ["67067.05000000", "0.00000000"], ["67067.16000000", "0.04966000"], ["67069.61000000", "0.22355000"], ["67072.30000000", "0.00000000"], ["67072.33000000", "0.00000000"], ["67075.62000000", "0.00368000"], ["67082.08000000", "0.00000000"], ["67091.49000000", "0.00000000"], ["67092.79000000", "0.00149000"], ["67101.64000000", "0.00000000"], ["67104.08000000", "0.00079000"], ["67127.63000000", "0.18157000"]]}, "time": 1709809875921195270}, {"stream": "btcusdt@depth@100ms", "data": {"e": "depthUpdate", "E": 1709809875004, "s": "BTCUSDT", "U": 44004346991, "u": 44004347055, "b": [["67054.18000000", "7.70858000"], ["67053.34000000", "0.14904000"], ["67052.33000000", "0.29808000"], ["67052.23000000", "0.16800000"], ["67052.13000000", "1.36811000"], ["67052.12000000", "0.18132000"], ["67052.10000000", "0.35279000"], ["67048.77000000", "0.17984000"], ["67048.76000000", "0.00153000"], ["67047.55000000", "0.52140000"], ["67046.09000000", "0.29811000"], ["67045.79000000", "0.00000000"], ["67044.88000000", "0.00000000"], ["67044.13000000", "0.18630000"], ["67043.31000000", "0.18792000"], ["67031.84000000", "0.29817000"], ["66998.08000000", "0.00000000"], ["66932.30000000", "1.96084000"], ["66840.40000000", "0.00000000"], ["53648.88000000", "0.00000000"], ["53643.35000000", "0.00028000"], ["33000.00000000", "33.09971000"]], "a": [["67054.19000000", "0.80683000"], ["67055.60000000", "0.00000000"], ["67055.96000000", "0.00000000"], ["67058.89000000", "0.00000000"], ["67059.99000000", "0.00000000"], ["67060.47000000", "0.29805000"], ["67060.70000000", "0.68190000"], ["67063.40000000", "0.03008000"], ["67065.85000000", "0.29802000"], ["67067.16000000", "0.17269000"], ["67072.95000000", "0.06263000"], ["67073.74000000", "0.29799000"], ["67080.96000000", "0.29796000"], ["67092.42000000", "0.27060000"], ["67101.89000000", "0.00000000"], ["67102.78000000", "9.01863000"], ["67113.89000000", "0.02114000"], ["67154.60000000", "1.96084000"], ["67185.60000000", "2.82738000"], ["67211.80000000", "0.00000000"], ["67213.20000000", "4.84707000"], ["67249.10000000", "9.69414000"], ["67279.80000000", "0.00000000"], ["67347.40000000", "0.00000000"], ["67386.40000000", "0.00000000"]]}, "time": 1709809876022890272}, {"stream": "btcusdt@depth@100ms", "data": {"e": "depthUpdate", "E": 1709809875104, "s": "BTCUSDT", "U": 44004347056, "u": 44004347085, "b": [["67054.18000000", "7.70814000"], ["67053.34000000", "0.00000000"], ["67052.23000000", "0.00000000"], ["67052.13000000", "0.00000000"], ["67050.13000000", "0.76877000"], ["67046.09000000", "0.00000000"], ["67039.21000000", "0.04500000"], ["67030.64000000", "0.22846000"], ["67019.97000000", "0.00000000"], ["66996.69000000", "0.02240000"], ["66950.13000000", "0.53774000"], ["66932.30000000", "0.00000000"], ["66869.80000000", "1.96084000"], ["66745.70000000", "0.68000000"]], "a": [["67065.84000000", "0.17890000"], ["67067.16000000", "0.00000000"], ["67077.63000000", "0.81934000"], ["67083.52000000", "0.00000000"], ["67083.93000000", "0.54518000"], ["67102.77000000", "5.41122000"], ["67106.28000000", "0.00100000"], ["67127.05000000", "0.19735000"], ["67154.03000000", "1.15409000"], ["67154.60000000", "0.00000000"], ["67178.09000000", "0.19813000"], ["67185.60000000", "0.00000000"], ["67186.10000000", "0.00016000"], ["67217.10000000", "1.96084000"], ["67249.10000000", "0.00000000"], ["67251.20000000", "2.82738000"], ["67312.70000000", "4.84707000"], ["67353.50000000", "4.84707000"], ["67425.66000000", "0.00000000"]]}, "time": 1709809876120006173}, {"stream": "btcusdt@trade", "data": {"e": "trade", "E": 1709809875205, "s": "BTCUSDT", "t": 3464485222, "p": "67054.18000000", "q": "0.00025000", "b": 25434902807, "a": 25434902995, "T": 1709809875204, "m": true, "M": true}, "time": 1709809876217639575}, {"stream": "btcusdt@depth@100ms", "data": {"e": "depthUpdate", "E": 1709809875204, "s": "BTCUSDT", "U": 44004347086, "u": 44004347136, "b": [["67054.18000000", "7.70825000"], ["67053.44000000", "0.14904000"], ["67052.08000000", "0.00319000"], ["67051.83000000", "0.00000000"], ["67050.00000000", "1.28104000"], ["67044.02000000", "0.00000000"], ["67014.46000000", "0.00000000"], ["67012.78000000", "0.00000000"], ["67011.11000000", "0.00000000"], ["67009.43000000", "0.00000000"], ["67008.63000000", "0.00000000"], ["67007.76000000", "0.00000000"], ["66996.98000000", "0.01234000"], ["66933.67000000", "0.00000000"], ["66383.64000000", "0.00000000"], ["60348.00000000", "0.00000000"], ["33527.09000000", "0.00035000"], ["33525.00000000", "0.00000000"]], "a": [["67054.19000000", "0.80694000"], ["67064.45000000", "0.00000000"], ["67065.84000000", "0.38589000"], ["67088.65000000", "0.00072000"], ["67090.32000000", "0.01048000"], ["67092.32000000", "0.06023000"], ["67093.68000000", "0.00126000"], ["67095.36000000", "0.00252000"], ["67097.03000000", "0.00467000"], ["67100.39000000", "0.00638000"], ["67102.50000000", "0.00000000"], ["67104.67000000", "0.00000000"], ["67106.35000000", "0.00000000"], ["67109.71000000", "0.00000000"], ["67111.38000000", "0.00000000"], ["67113.06000000", "0.00000000"], ["67113.80000000", "0.00838000"], ["67115.48000000", "0.01234000"], ["67116.42000000", "0.00000000"], ["67117.19000000", "0.00000000"], ["67118.03000000", "0.01212000"], ["67129.84000000", "0.00000000"], ["67131.52000000", "0.00000000"], ["67134.07000000", "0.00000000"], ["67154.03000000", "0.17979000"], ["67414.72000000", "0.02400000"]]}, "time": 1709809876217657575}, {"stream": "btcusdt@trade", "data": {"e": "trade", "E": 1709809875206, "s": "BTCUSDT", "t": 3464485223, "p": "67054.18000000", "q": "0.00023000", "b": 25434902807, "a": 25434902996, "T": 1709809875205, "m": true, "M": true}, "time": 1709809876218459875}, {"stream": "btcusdt@trade", "data": {"e": "trade", "E": 1709809875206, "s": "BTCUSDT", "t": 3464485224, "p": "67054.18000000", "q": "0.00024000", "b": 25434902807, "a": 25434902997, "T": 1709809875206, "m": true, "M": true}, "time": 1709809876218492475}, {"stream": "btcusdt@trade", "data": {"e": "trade", "E": 1709809875207, "s": "BTCUSDT", "t": 3464485225, "p": "67054.18000000", "q": "0.00024000", "b": 25434902807, "a": 25434902998, "T": 1709809875206, "m": true, "M": true}, "time": 1709809876220746775}, {"stream": "btcusdt@trade", "data": {"e": "trade", "E": 1709809875207, "s": "BTCUSDT", "t": 3464485226, "p": "67054.18000000", "q": "0.00023000", "b": 25434902807, "a": 25434902999, "T": 1709809875206, "m": true, "M": true}, "time": 1709809876220764875}, {"stream": "btcusdt@trade", "data": {"e": "trade", "E": 1709809875207, "s": "BTCUSDT", "t": 3464485227, "p": "67054.18000000", "q": "0.00021000", "b": 25434902807, "a": 25434903000, "T": 1709809875206, "m": true, "M": true}, "time": 1709809876220769975}, {"stream": "btcusdt@trade", "data": {"e": "trade", "E": 1709809875210, "s": "BTCUSDT", "t": 3464485228, "p": "67054.18000000", "q": "0.00024000", "b": 25434902807, "a": 25434903002, "T": 1709809875208, "m": true, "M": true}, "time": 1709809876223536375}, {"stream": "btcusdt@trade", "data": {"e": "trade", "E": 1709809875211, "s": "BTCUSDT", "t": 3464485229, "p": "67054.18000000", "q": "0.00023000", "b": 25434902807, "a": 25434903003, "T": 1709809875209, "m": true, "M": true}, "time": 1709809876223555575}, {"stream": "btcusdt@trade", "data": {"e": "trade", "E": 1709809875212, "s": "BTCUSDT", "t": 3464485230, "p": "67054.18000000", "q": "0.00024000", "b": 25434902807, "a": 25434903005, "T": 1709809875210, "m": true, "M": true}, "time": 1709809876224300275}, {"stream": "btcusdt@trade", "data": {"e": "trade", "E": 1709809875218, "s": "BTCUSDT", "t": 3464485231, "p": "67054.18000000", "q": "0.00024000", "b": 25434902807, "a": 25434903017, "T": 1709809875217, "m": true, "M": true}, "time": 1709809876232414575}, {"stream": "btcusdt@depth@100ms", "data": {"e": "depthUpdate", "E": 1709809875304, "s": "BTCUSDT", "U": 44004347137, "u": 44004347190, "b": [["67054.18000000", "5.21530000"], ["67053.45000000", "0.17888000"], ["67050.77000000", "0.13000000"], ["67050.00000000", "1.26663000"], ["67049.14000000", "0.00000000"], ["67048.77000000", "0.29040000"], ["67048.34000000", "0.18792000"], ["67047.37000000", "0.00000000"], ["67030.01000000", "0.67490000"], ["67013.71000000", "0.00076000"], ["67011.48000000", "0.00000000"], ["67003.50000000", "0.04993000"], ["67002.01000000", "0.00126000"], ["67000.33000000", "0.00324000"], ["66998.66000000", "0.01561000"], ["66996.18000000", "0.01212000"], ["66995.31000000", "0.00638000"], ["66970.01000000", "0.00076000"], ["66965.83000000", "0.00030000"], ["66960.41000000", "0.00149000"], ["66956.50000000", "0.00000000"], ["66845.68000000", "0.00020000"], ["66383.64000000", "0.00000000"], ["66050.00000000", "1.11718000"]], "a": [["67054.19000000", "1.00738000"], ["67055.76000000", "0.45304000"], ["67058.39000000", "0.00052000"], ["67059.99000000", "0.50929000"], ["67060.70000000", "0.00000000"], ["67061.05000000", "0.00000000"], ["67062.95000000", "0.11185000"], ["67063.40000000", "0.00000000"], ["67083.89000000", "0.17883000"], ["67088.37000000", "0.00000000"], ["67287.37000000", "0.00038000"]]}, "time": 1709809876321133377}, {"stream": "btcusdt@trade", "data": {"e": "trade", "E": 1709809875393, "s": "BTCUSDT", "t": 3464485232, "p": "67054.19000000", "q": "0.00167000", "b": 25434903055, "a": 25434902828, "T": 1709809875392, "m": false, "M": true}, "time": 1709809876406693778}, {"stream": "btcusdt@depth@100ms", "data": {"e": "depthUpdate", "E": 1709809875404, "s": "BTCUSDT", "U": 44004347191, "u": 44004347219, "b": [["67054.18000000", "5.17615000"], ["67053.44000000", "0.00000000"], ["67052.22000000", "0.42904000"], ["67048.77000000", "0.00000000"], ["67047.13000000", "0.04608000"], ["67043.40000000", "0.00045000"], ["67033.62000000", "0.01100000"], ["66996.69000000", "0.00000000"], ["66942.04000000", "0.00129000"], ["66937.41000000", "0.00000000"], ["66781.54000000", "0.00126000"], ["66445.95000000", "0.00127000"], ["66110.37000000", "0.00128000"], ["65439.19000000", "0.00129000"], ["64768.02000000", "0.00130000"], ["64432.44000000", "0.00131000"]], "a": [["67054.19000000", "1.00571000"], ["67059.99000000", "0.00000000"], ["67060.70000000", "0.04609000"], ["67065.85000000", "0.00000000"], ["67087.82000000", "0.02164000"], ["67093.91000000", "0.00000000"], ["67098.20000000", "0.00117000"], ["67161.06000000", "0.00000000"], ["67168.53000000", "0.00117000"], ["67183.51000000", "0.01321000"]]}, "time": 1709809876421781978}, {"stream": "btcusdt@trade", "data": {"e": "trade", "E": 1709809875422, "s": "BTCUSDT", "t": 3464485233, "p": "67054.18000000", "q": "0.00009000", "b": 25434902807, "a": 25434903063, "T": 1709809875422, "m": true, "M": true}, "time": 1709809876435906979}, {"stream": "btcusdt@depth@100ms", "data": {"e": "depthUpdate", "E": 1709809875504, "s": "BTCUSDT", "U": 44004347220, "u": 44004347243, "b": [["67054.18000000", "5.17323000"], ["67003.50000000", "0.00000000"], ["66937.39000000", "0.00030000"], ["65103.61000000", "0.00130000"], ["64096.85000000", "0.00132000"], ["63761.27000000", "0.00132000"], ["33000.00000000", "33.09971000"]], "a": [["67072.79000000", "0.52140000"], ["67072.96000000", "0.12000000"], ["67076.53000000", "0.00000000"], ["67079.45000000", "0.00000000"], ["67080.50000000", "0.00000000"], ["67082.92000000", "0.17884000"], ["67083.89000000", "0.00000000"], ["67085.95000000", "0.00000000"], ["67213.20000000", "0.00000000"], ["67215.47000000", "0.00000000"], ["67345.30000000", "4.84707000"]]}, "time": 1709809876517893180}, {"stream": "btcusdt@depth@100ms", "data": {"e": "depthUpdate", "E": 1709809875604, "s": "BTCUSDT", "U": 44004347244, "u": 44004347276, "b": [["67052.47000000", "0.01491000"], ["67052.22000000", "0.28000000"], ["67050.36000000", "0.00052000"], ["67049.82000000", "0.04493000"], ["67037.89000000", "0.00000000"], ["67027.75000000", "0.00000000"], ["67016.03000000", "0.00596000"], ["67000.00000000", "0.95962000"], ["66980.44000000", "0.18162000"], ["66383.64000000", "0.00000000"], ["16766.50000000", "0.00000000"]], "a": [["67054.19000000", "0.78401000"], ["67072.96000000", "0.01000000"], ["67074.46000000", "0.00000000"], ["67077.66000000", "0.08010000"], ["67082.92000000", "0.00000000"], ["67085.95000000", "0.17883000"], ["67102.64000000", "0.07074000"]]}, "time": 1709809876620508882}, {"stream": "btcusdt@depth@100ms", "data": {"e": "depthUpdate", "E": 1709809875704, "s": "BTCUSDT", "U": 44004347277, "u": 44004347326, "b": [["67054.18000000", "5.97997000"], ["67053.90000000", "0.04493000"], ["67052.93000000", "0.04493000"], ["67052.80000000", "0.00000000"], ["67052.01000000", "0.04493000"], ["67048.35000000", "0.31290000"], ["67047.13000000", "0.00000000"], ["67043.40000000", "0.00000000"], ["67042.77000000", "0.29813000"], ["67034.21000000", "0.29816000"], ["66980.44000000", "0.00000000"], ["66383.64000000", "0.00000000"]], "a": [["67054.19000000", "0.00919000"], ["67054.27000000", "0.00000000"], ["67055.76000000", "0.00000000"], ["67055.77000000", "0.29807000"], ["67056.12000000", "0.14903000"], ["67060.47000000", "0.00000000"], ["67060.70000000", "0.68076000"], ["67061.32000000", "0.29804000"], ["67062.94000000", "0.03769000"], ["67062.95000000", "0.00000000"], ["67063.70000000", "0.00045000"], ["67072.79000000", "0.00000000"], ["67072.96000000", "0.00000000"], ["67077.02000000", "0.52140000"], ["67077.66000000", "0.00010000"], ["67077.76000000", "0.00000000"], ["67077.91000000", "0.02982000"], ["67079.66000000", "0.12000000"], ["67085.95000000", "0.00000000"], ["67088.37000000", "0.17882000"], ["67090.68000000", "0.00000000"]]}, "time": 1709809876718127283}, {"stream": "btcusdt@depth@100ms", "data": {"e": "depthUpdate", "E": 1709809875804, "s": "BTCUSDT", "U": 44004347327, "u": 44004347379, "b": [["67054.18000000", "6.12900000"], ["67052.10000000", "0.28379000"], ["67051.34000000", "0.52140000"], ["67047.55000000", "0.00000000"], ["67043.97000000", "0.29812000"], ["67042.77000000", "0.00000000"], ["67040.48000000", "0.11231000"], ["67033.80000000", "0.00000000"], ["67031.84000000", "0.00000000"], ["67028.24000000", "1.49060000"], ["67027.49000000", "0.13000000"], ["67008.03000000", "0.00000000"], ["66974.62000000", "0.00000000"], ["66960.41000000", "0.00000000"], ["66933.08000000", "0.50000000"], ["66892.16000000", "0.00000000"], ["66878.16000000", "0.00000000"], ["33527.09000000", "0.00035000"]], "a": [["67054.19000000", "0.09866000"], ["67055.77000000", "0.00000000"], ["67056.00000000", "0.00000000"], ["67056.12000000", "0.00000000"], ["67056.97000000", "0.14903000"], ["67057.75000000", "0.29806000"], ["67058.38000000", "0.00000000"], ["67059.95000000", "0.25803000"], ["67060.16000000", "0.00000000"], ["67060.91000000", "0.00000000"], ["67061.10000000", "0.39930000"], ["67061.15000000", "0.02250000"], ["67061.32000000", "0.00000000"], ["67063.41000000", "0.08264000"], ["67067.17000000", "0.00000000"], ["67071.02000000", "0.00045000"], ["67072.51000000", "0.00046000"], ["67072.95000000", "0.00000000"], ["67073.90000000", "0.04105000"], ["67077.98000000", "0.29797000"], ["67086.37000000", "0.77905000"], ["67092.79000000", "0.00000000"], ["67104.08000000", "0.00000000"], ["67139.64000000", "0.00000000"], ["67150.45000000", "0.31185000"], ["67159.22000000", "0.00000000"], ["67163.12000000", "0.01098000"], ["67169.65000000", "0.00000000"], ["71000.00000000", "137.18318000"]]}, "time": 1709809876822757885}, {"stream": "btcusdt@depth@100ms", "data": {"e": "depthUpdate", "E": 1709809875904, "s": "BTCUSDT", "U": 44004347380, "u": 44004347402, "b": [["67048.35000000", "0.11284000"], ["67035.11000000", "0.00000000"], ["67027.93000000", "0.00000000"], ["67019.90000000", "0.00400000"], ["66769.67000000", "0.00013000"], ["24126.66000000", "0.00300000"], ["24126.65000000", "0.00000000"], ["24113.20000000", "0.00076000"], ["24111.30000000", "0.00050000"], ["24100.60000000", "0.00075000"]], "a": [["67059.27000000", "0.00000000"], ["67060.70000000", "0.04609000"], ["67065.84000000", "0.20699000"], ["67065.99000000", "0.13479000"], ["67066.11000000", "0.00148000"], ["67068.69000000", "0.00000000"], ["67073.90000000", "0.00000000"], ["67420.56000000", "0.50000000"], ["67440.72000000", "0.00013000"]]}, "time": 1709809876922057786}, {"stream": "btcusdt@trade", "data": {"e": "trade", "E": 1709809875947, "s": "BTCUSDT", "t": 3464485234, "p": "67054.19000000", "q": "0.00011000", "b": 25434903164, "a": 25434902729, "T": 1709809875947, "m": false, "M": true}, "time": 1709809876960904887}, {"stream": "btcusdt@trade", "data": {"e": "trade", "E": 1709809875947, "s": "BTCUSDT", "t": 3464485235, "p": "67054.19000000", "q": "0.00734000", "b": 25434903164, "a": 25434902925, "T": 1709809875947, "m": false, "M": true}, "time": 1709809876960988187}, {"stream": "btcusdt@trade", "data": {"e": "trade", "E": 1709809875949, "s": "BTCUSDT", "t": 3464485236, "p": "67054.19000000", "q": "0.00163000", "b": 25434903169, "a": 25434902925, "T": 1709809875949, "m": false, "M": true}, "time": 1709809876963060487}, {"stream": "btcusdt@trade", "data": {"e": "trade", "E": 1709809875950, "s": "BTCUSDT", "t": 3464485237, "p": "67054.19000000", "q": "0.00011000", "b": 25434903169, "a": 25434902989, "T": 1709809875949, "m": false, "M": true}, "time": 1709809876963127987}, {"stream": "btcusdt@trade", "data": {"e": "trade", "E": 1709809875950, "s": "BTCUSDT", "t": 3464485238, "p": "67054.19000000", "q": "0.00011000", "b": 25434903169, "a": 25434902729, "T": 1709809875949, "m": false, "M": true}, "time": 1709809876963151687}, {"stream": "btcusdt@trade", "data": {"e": "trade", "E": 1709809875952, "s": "BTCUSDT", "t": 3464485239, "p": "67054.18000000", "q": "0.00753000", "b": 25434902807, "a": 25434903176, "T": 1709809875952, "m": true, "M": true}, "time": 1709809876965200187}